1726 2902
641 53 902 120 cnut
939 48 1035 123 1rs
1495 58 1585 124 π’

83 196 349 263 vetustos
390 210 588 259 rerum
629 192 1039 259 Romanarum
1072 194 1379 278 scriptores
1413 195 1571 262 nihil

86 283 367 344 occurrit.
451 274 768 360 Postquam
809 298 949 340 vero
999 278 1125 359 ipsis
1167 279 1380 341 arctior
1421 300 1569 343 cum

86 359 308 426 Graecis
331 360 720 422 intercederet
744 360 1135 432 consuetudo,
1164 361 1382 422 horum
1410 383 1570 442 quo..

84 462 205 524 que
227 442 492 525 pondera
524 440 810 504 Romanis
836 444 998 504 fuere
1018 443 1298 522 permista.
1376 441 1572 522 inpri-

83 525 198 587 mis
251 543 394 587 vero
436 521 468 585 a
500 521 709 587 Galeni
750 534 1019 606 tempore
1065 523 1381 585 Drachmae
1427 525 1568 587 usus

81 605 243 689 apud
267 603 579 669 Romanos
599 653 614 676 ‚
644 603 918 674 Medicos
943 608 1240 680 inprimis,
1287 606 1564 668 invaluit:

82 708 349 771 cumque
382 698 549 750 vetus
573 685 709 749 effet
733 688 990 750 traditio,
1017 686 1386 749 Drachmam
1411 689 1568 749 Atti-

84 790 217 835 cam
242 770 511 852 pondere
551 767 818 833 Denario
858 769 1141 832 Romano
1176 769 1571 850 aequivalere,

83 850 185 915 hic
213 863 415 914 autem
449 863 581 914 tum
619 863 736 914 tem
786 854 903 914 oris
938 851 1155 913 octavae
1184 853 1374 912 unciae
1414 850 1569 931 parti

81 934 633 1014 aequiponderaret,
665 935 752 996 fac
782 955 883 995 um
925 934 1036 1002 est,
1087 945 1153 996 ut
1177 952 1301 994 non
1329 943 1570 995 tantum

84 1018 191 1078 uni
225 1020 415 1078 unciae
445 1016 584 1078 octo
622 1016 914 1077 drachmae
940 1013 1431 1085 adscriberentur,
1466 1012 1568 1076 sed

84 1098 149 1162 δε
178 1098 429 1178 aequales
453 1097 747 1160 drachmae
772 1098 979 1159 Atticae
1003 1096 1397 1158 crederentur.
1483 1096 1571 1156 A-

83 1180 202 1241 deo
227 1179 418 1240 firmas
452 1179 576 1243 haec
599 1182 809 1261 opinio
833 1183 958 1259 egit
987 1178 1230 1246 radices,
1254 1188 1323 1240 ut
1340 1176 1435 1238 vel
1454 1175 1570 1237 ho-

84 1262 297 1328 dierno
328 1261 423 1324 die
450 1263 550 1322 vix
575 1262 886 1344 quisquam
923 1259 1084 1322 aliud
1110 1258 1211 1321 fibi
1234 1257 1568 1338 persuaderi

83 1346 360 1429 patiatur.
450 1341 576 1404 Suo
599 1361 794 1405 tamen
820 1344 963 1406 loco
987 1343 1228 1425 patebit,
1260 1361 1441 1424 quam
1470 1342 1568 1405 iu·-

83 1426 285 1489 valido
312 1428 531 1487 nitatur
554 1425 922 1487 fundamine.

170 1503 518 1580 Videndum
545 1527 739 1574 nunc,
781 1515 1001 1588 quanta
1037 1505 1216 1568 fuerit
1244 1502 1419 1567 uncia
1442 1501 1575 1566 Roz

85 1607 261 1651 mana
299 1591 574 1669 antiqua,
616 1589 872 1650 instituta
927 1589 1376 1669 comparatione
1423 1604 1573 1647 cum

85 1670 354 1752 pondere
393 1669 600 1750 aliquo
628 1670 964 1739 moderno,
1007 1669 1176 1750 quod
1218 1686 1335 1749 prae
1360 1669 1575 1730 ceteris

84 1751 153 1818 fit
177 1755 376 1813 notius
400 1797 416 1821 ,
455 1751 685 1832 usuque
719 1755 1008 1832 receptius
1032 1789 1050 1819 ,
1098 1752 1272 1830 quale
1322 1750 1575 1831 quidem

84 1833 409 1899 Parifinum
436 1833 656 1896 existit,
698 1835 867 1915 quod
895 1837 1007 1909 jam
1029 1832 1061 1895 a
1081 1834 1352 1915 plurimis
1377 1830 1576 1894 erudi-

85 1919 161 1978 tis
187 1917 259 1979 ad
301 1915 453 1978 hanc
488 1934 614 1976 rem
655 1914 769 1977 fuit
799 1914 1156 1976 adhibitum.
1244 1911 1436 1974 Variis
1469 1931 1575 1975 au·

86 2008 211 2062 tem·
238 1997 445 2060 mediis
469 1995 552 2057 ufi
588 1995 721 2057 sunt
755 1996 863 2057 viri
889 1995 1070 2066 docti,
1099 2014 1227 2056 uno
1262 1994 1579 2076 alteroque

87 2078 307 2142 abhinc
351 2078 545 2160 elapso
564 2077 794 2149 saeculo,
814 2079 1030 2158 quibus
1047 2075 1312 2158 pondera
1330 2077 1576 2158 antiqua

87 2162 484 2223 restituerent.
526 2179 657 2241 quae
692 2160 765 2222 ad
795 2161 1064 2247 quinque
1103 2159 1295 2241 capita
1331 2155 1577 2241 possunt

87 2242 328 2311 reducit
371 2241 644 2323 Suntque

175 2324 220 2391 1.
261 2321 506 2388 Fructus
524 2371 537 2392 ,
560 2321 793 2393 nuclei,
825 2320 1074 2394 semina,
1101 2342 1313 2400 grana,
1339 2331 1578 2404 vegeta-

89 2407 342 2483 bilium3
387 2424 479 2474 ex.
504 2424 597 2485 gr.
628 2422 841 2476 nuces,
865 2404 1082 2468 semina
1106 2404 1187 2468 fili
1238 2422 1326 2468 uae
1362 2404 1575 2475 dulcis.

90 2487 294 2561 lentes,
315 2488 524 2576 speltae.
549 2484 871 2558 hordeum,
895 2490 1187 2564 triticum,
1233 2487 1421 2569 upini.
1468 2497 1489 2518 ·

764 2647 812 2712 Β
854 2669 895 2731 2
1326 2648 1398 2717 11.
1424 2647 1579 2716 Pon}
