1726 2902
127 47 215 130 {4
334 43 612 110 Sne-rio
655 43 704 114 Ι.
744 43 1415 112 D1Pounuuus.

133 184 220 253 do
242 185 421 267 paulo
444 184 574 265 plus
599 183 802 251 decem
842 204 976 251 une.
1004 182 1175 249 Paris.
1199 185 1393 247 modo
1434 183 1617 266 paulo

131 271 333 332 minus
357 272 662 331 continere
684 305 701 334 ‚
724 268 860 329 teste
885 263 1182 328 Gaffendo
1213 268 1275 327 in
1300 271 1423 342 eius
1450 264 1616 328 Vita:

130 368 276 412 cum
297 364 490 409 tamen
519 358 748 411 certum
767 347 870 412 fit,
890 347 961 408 ad
988 347 1267 409 undecim
1289 350 1489 412 uncias
1513 344 1617 410 Pa.

131 429 229 495 riis.
260 450 390 490 eam
419 433 663 509 propius
694 429 985 490 accedere.
1066 428 1130 489 In
1155 425 1394 490 Gruteri
1418 447 1619 499 opere,

132 528 264 592 quo
329 510 733 588 Inscriptiones
773 512 1040 589 antiquas
1094 510 1445 590 complexus
1502 509 1616 572 est.

129 610 255 673 pag
296 607 438 657 221.
467 591 654 655 multa
693 591 1024 657 referuntur
1057 592 1318 670 pondera
1341 593 1619 671 antiqua.

129 692 468 738 marmorea
511 673 571 735 &
600 691 742 732 aerea
768 671 879 738 ,ad
900 671 1111 736 libram
1138 668 1473 735 Romanam
1509 669 1622 730 hu-

129 756 227 835 jus
244 754 545 832 temporiS,
567 753 739 813 Anno
755 752 872 814 scil.
900 758 1073 828 1562.
1094 755 1436 815 examinata.
1468 748 1621 813 Duo

130 852 213 897 ex
249 837 317 895 iis
355 837 541 914 prima
571 834 977 913 &integriora
1001 871 1020 901 ,
1055 832 1262 898 decem
1296 833 1579 893 librarum
1603 868 1622 894 2

132 914 375 978 inventa
400 915 532 977 sunt
555 914 798 997 aequalia
827 916 985 974 libris
1015 912 1193 974 Rom.
1228 913 1370 976 hod.
1389 934 1445 988 9.
1476 933 1621 978 cum.

134 998 326 1060 unciis
351 1004 409 1061 8..
448 993 624 1058 Unde
647 995 963 1062 deducitur
987 997 1161 1060 uncia
1179 992 1360 1060 Rom.
1382 996 1623 1075 antiqua

136 1095 302 1159 gran.
337 1076 501 1139 Paris.
533 1083 659 1144 516.
688 1077 823 1137 fere,

167 1160 170 1162 ’
306 1157 496 1235 Quod
523 1156 562 1217 fi
593 1157 789 1218 exacta
812 1156 982 1225 Pedis
1007 1157 1264 1219 Romani
1288 1156 1622 1236 longitudo

132 1240 310 1311 nobis
346 1238 736 1306 innotesceret
762 1284 778 1306 ‚
810 1258 1003 1318 neque
1033 1240 1179 1300 libra
1203 1237 1475 1301 Romana
1509 1258 1624 1300 nos

132 1325 366 1390 lateret.
446 1319 511 1382 ld
558 1326 717 1382 enim
756 1317 1047 1400 singulare
1087 1321 1302 1381 habent
1339 1319 1623 1382 mensurae

133 1406 199 1467 δε
222 1401 489 1485 pondera
531 1399 804 1464 Romana
831 1439 850 1469 ,
895 1412 964 1464 ut
1005 1412 1338 1464 accuratam
1377 1403 1529 1462 inter
1566 1401 1625 1467 se

134 1489 365 1549 servent
405 1483 846 1561 symmetriam:
891 1481 1196 1563 Amphora
1230 1483 1389 1543 enim
1426 1528 1442 1551 ‚
1483 1481 1624 1545 alias

137 1563 513 1645 Quadrantal
547 1563 728 1626 dieta,
769 1562 956 1626 cubus
985 1575 1107 1624 erat
1138 1609 1154 1633 ‚
1192 1565 1361 1635 cuius
1395 1560 1625 1642 singula

133 1647 316 1713 latera
341 1645 550 1726 pedem
576 1645 911 1725 aequabant,
949 1645 1007 1704 &
1026 1663 1177 1727 aqua
1201 1642 1409 1724 plena(
1439 1663 1624 1721 quam

138 1728 406 1806 ejusde-m
430 1745 569 1790 cum
597 1727 742 1786 vino
767 1727 1067 1801 gravitatis
1096 1721 1204 1786 esse
1239 1736 1461 1789 veteres
1497 1744 1628 1787 cre-s

136 1810 419 1874 diderunt
443 1853 458 1877 ,
480 1807 618 1868 teste
634 1804 1020 1875 Dioscoride‚
1036 1804 1263 1871 Fannio
1286 1844 1307 1874 ‚
1346 1806 1627 1887 aliisque)

142 1889 488 1969 octuaginta
521 1887 697 1949 libras
721 1886 1028 1968 pendebat.
1109 1884 1304 1961 Hujus
1327 1887 1465 1950 cubi
1491 1906 1625 1965 pars

138 1971 343 2035 ofiava
366 1980 485 2031 erat
510 1967 814 2048 Congius,
843 1988 971 2049 pars
995 1987 1138 2030 vero
1180 1967 1623 2049 quadragesima

129 2052 361 2121 oei-ava,
383 2051 680 2114 Sextarius
697 2070 714 2124 3
731 2061 962 2131 tresque
978 2058 1247 2130 praeterea
1269 2046 1471 2111 Modii
1488 2068 1623 2110 ean-

135 2133 279 2198 ‹dem
307 2130 660 2212 amphoram
682 2131 1085 2212 complebant.
1132 2127 1621 2209 Experimentum

133 2234 265 2280 non
301 2211 437 2274 effet
477 2213 808 2275 admodum
845 2208 1083 2276 difficile
1116 2257 1133 2281 ‚
1179 2208 1282 2283 sed,
1309 2210 1494 2275 obstat
1522 2230 1624 2290 pe-

134 2296 233 2360 dis
270 2294 444 2371 hujus
466 2291 583 2375 qua
620 2292 1064 2373 longitudine-m
1101 2338 1118 2362 ‚
1170 2292 1391 2353 incerta
1430 2291 1624 2353 deter-

133 2378 422 2443 minatio:
469 2376 788 2437 minimum
813 2384 1008 2451 autem
1031 2371 1065 2435 a
1090 2392 1231 2434 vero
1257 2372 1408 2452 pede
1427 2371 1624 2436 discri-

135 2477 278 2524 men
310 2502 327 2526 ,
377 2456 457 2517 sat
508 2457 713 2535 magni
753 2457 817 2515 in
862 2453 1198 2516 definiendo
1236 2452 1497 2534 pondere
1541 2451 1622 2514 est

137 2540 482 2616 momenti;
522 2535 868 2621 praestatque
902 2534 1052 2605 adeo
1080 2579 1099 2611 ,
1156 2552 1231 2602 ex
1255 2532 1622 2679 pondieribua

1449 2632 1623 2699 ongi-
