1664 2902
618 43 878 113 CArur
923 42 1046 115 Ill.
1482 66 1556 128 43

87 195 285 261 viores
315 184 596 268 seligendi
630 186 789 250 sunt.
827 206 951 249 non
988 187 1148 249 enim
1179 204 1255 250 ex
1295 204 1423 248 aevo
1457 206 1560 247 au-

92 276 216 339 flos
259 269 744 342 sedimminutos
780 272 981 351 potius
1021 265 1187 330 fuisse
1230 267 1561 334 verofimile

89 359 189 423 est.
297 352 645 426 Mersennus
683 349 757 413 de
803 348 986 413 Mens.
1024 353 1084 412 ἀ
1120 348 1321 414 Pond.
1353 371 1411 430 p,
1458 356 1560 415 26,

89 438 325 520 aliquot
391 433 674 516 producit
743 432 1091 493 numismata
1168 431 1441 496 Romana
1499 432 1561 493 ἃ

89 517 297 586 Graeca
330 515 364 581 ὲ
397 517 450 580 se
469 512 732 597 adpensa,
778 515 837 576 in
879 515 1094 596 quibus
1130 515 1344 575 noctua
1372 516 1564 581 Attica

88 631 255 694 gran.
318 603 498 686 3¹0÷.
585 610 917 674 Alexander
971 609 1058 673 M.
1111 629 1199 689 gr.
1251 629 1380 686 324·
1462 609 1565 671 Sa-

90 707 272 758 votus
294 696 437 756 item
471 714 609 776 pag.
635 713 773 768 230.
810 689 1041 759 nouuae
1081 695 1450 759 mentionem
1482 692 1564 753 fa-

80 779 176 840 'cit
215 793 536 858 gran.315.
579 777 673 842 sed
699 795 1003 857 perperam
1036 793 1165 835 eam
1210 793 1322 855 pro
1363 784 1567 854 penta.

90 859 383 923 drachmo
404 859 596 924 sumit,
611 871 677 924 ut
698 859 813 920 scil.
839 858 1118 922 drachma
1141 859 1449 934 proveniat
1469 861 1502 917 6
1511 872 1567 930 3·

93 961 262 1020 gran.
293 941 530 1022 qualem
559 941 802 1022 quidem
829 958 988 1007 eam,
1026 937 1124 998 sed
1157 937 1319 1001 fallo,
1349 937 1568 1001 statuit·

93 1022 454 1090 Clarissimus
504 1021 831 1087 Bernardus
870 1021 1095 1081 invenit
1148 1018 1565 1082 drachmarum

93 1104 425 1172 Atticarum
464 1104 835 1186 perfectiores
870 1120 1031 1181 gran.
1085 1098 1266 1180 Angl.
1305 1111 1399 1170 67.
1436 1119 1567 1183 quae

93 1198 322 1261 faciunt
364 1195 531 1261 Paris.
587 1190 720 1275 813·-
764 1215 971 1260 aureos
1022 1192 1316 1257 Daricos2
1359 1215 1569 1257 aureos

93 1282 240 1343 item
261 1277 535 1362 Philippi,
555 1277 875 1341 Alexandri
906 1277 1000 1349 M,
1028 1277 1406 1358 aliorumque
1442 1276 1572 1340 Ma-

95 1375 424 1439 cedonum,
448 1393 540 1454 gr.
579 1373 757 1453 Angl·
783 1392 903 1454 ¹34·
932 1375 1028 1434 seu
1050 1369 1217 1434 Par1s.
1258 1366 1428 1451 163-2-.
1465 1368 1571 1430 sta-

98 1469 250 1521 teres
287 1457 402 1518 five
450 1455 878 1518 tetradrachma
926 1453 1114 1517 Attica
1160 1457 1421 1515 maxima
1472 1449 1568 1513 sed

96 1559 321 1619 rariora
348 1573 435 1635 gr.
458 1552 634 1630 Angl.
660 1553 793 1618 268.
827 1549 998 1617 Paris.
1033 1541 1205 1626 326}
1292 1545 1571 1615 Provoco

96 1638 199 1702 hic
222 1656 407 1712 porro
448 1634 519 1696 ad
554 1653 761 1696 omnes
784 1671 801 1697 ,
835 1637 939 1722 qui
988 1632 1078 1701 vel
1116 1630 1254 1693 tales
1288 1646 1571 1692 nummos

143 1719 421 1787 ossident,
445 1718 542 1779 vel
576 1716 774 1781 saltem
807 1718 1024 1796 quibus
1053 1715 1127 1776 ad
1166 1711 1572 1793 nummophy·

107 1805 243 1872 ,acia
285 1796 649 1862 instrufflora
687 1799 929 1860 liberior
960 1804 1125 1879 patet'
1161 1792 1450 1863 accessus,
1505 1795 1575 1861 ut

97 1884 340 1977 pondus
365 1900 577 1942 eorum
602 1882 769 1948 lance
791 1877 1170 1943 examinandi
1203 1875 1575 1946 occafionem

99 1987 229 2033 non
268 1967 577 2032 omittant,
615 1963 955 2024 Atticorum
987 1961 1289 2041 inprimiS,
1334 1978 1409 2019 ne
1443 1961 1575 2040 quis

98 2045 489 2115 diversitatem
515 2045 855 2125 ponderum
874 2041 1244 2113 Graecorum,
1272 2060 1382 2129 pro
1407 2042 1579 2102 ratio-

108 2150 187 2198 ne
213 2129 514 2196 locorum,
541 2127 830 2195 causetur.
924 2123 1052 2187 Hac
1070 2128 1228 2187 enim
1251 2121 1371 2188 sola>
1398 2124 1580 2185 ratio·

107 2232 185 2279 ne
210 2208 514 2279 certitudo
536 2212 619 2270 rei
642 2208 882 2272 constat.
969 2203 1432 2273 Tetradrachma
1454 2203 1577 2279 haee

105 2294 301 2359 Attica
329 2290 404 2352 de
425 2303 624 2358 cetero
659 2290 786 2357 satis
812 2293 944 2354 sunt
967 2290 1142 2351 obvia
1160 2334 1174 2358 ‚
1209 2288 1578 2368 minimeque

105 2377 258 2443 inter
282 2374 501 2436 rariora
538 2376 935 2436 numeranda:
986 2371 1106 2436 hoc
1144 2388 1334 2431 unum
1381 2379 1580 2432 tamen

107 2457 321 2537 addam
345 2501 359 2525 ‚
388 2456 493 2516 tria
513 2453 633 2521 fere
669 2474 878 2518 eorum
901 2457 1129 2516 ratione
1151 2454 1327 2514 aetatis
1356 2450 1581 2532 (quam

104 2557 188 2611 'ex
213 2537 460 2611 artificio
479 2584 496 2614 2
524 2536 1029 2631 fingularibusque
1053 2537 1180 2627 typi
1207 2532 1583 2628 circumstan-

1125 2647 1128 2650 ·
1490 2628 1587 2693 tus
