1726 2902
459 82 614 156 Ao
660 83 1358 191 LECTOREM.-

137 270 418 345 baerorum
440 323 460 354 ,
490 272 828 342 Budaeorum
846 324 862 352 ,
892 287 1265 344 Alciatorum
1283 322 1301 351 ‚
1338 282 1650 368 Agricola.»

138 394 275 437 rum
296 420 315 447 ,
340 377 674 440 Portiorum
690 416 705 438 ,
729 376 1052 438 canalium
1067 419 1085 447 ‚
1138 385 1418 439 Paetorum
1436 421 1451 442 .
1491 374 1651 443 reli-

134 484 458 555 quorum3
488 464 780 533 nomina.
877 465 1152 534 Horum
1173 487 1344 536 mox
1378 469 1650 562 vestigia

139 559 506 652 presterunt
540 577 721 628 tanto
740 580 1028 629 numero
1060 558 1204 637 alii,
1239 579 1313 629 ut
1342 566 1648 634 Labbeus.

140 653 416 725 celebris
465 652 1027 723 Bibliothecarum
1065 653 1375 746 scriptor,
1409 658 1477 726 in
1509 656 1654 728 solo

140 772 381 820 eorum
414 747 634 818 indice
654 747 1103 840 confignando
1126 797 1146 827 ,
1197 749 1423 819 multis
1454 754 1654 823 etiam

141 844 427 924 οῐῃίίίἶε,
455 846 792 935 integrum
826 842 1150 913 volumen
1194 843 1655 937 compleverit.

144 938 335 1029 Quid
347 961 532 1032 ergo,
548 940 843 1030 inquies,
880 936 1068 1006 Iliada
1091 939 1241 1030 post
1261 938 1653 1013 Homerum

141 1031 458 1114 scribere,
504 1034 755 1126 quidve
802 1030 1004 1126 spicas
1043 1033 1194 1125 post
1231 1032 1653 1126 largissimam

143 1129 428 1200 aliorum
465 1123 741 1196 messem
776 1126 997 1220 legere
1041 1150 1214 1221 opus
1253 1128 1398 1217 est3
1444 1132 1659 1225 inpri-

142 1227 270 1294 mis
292 1274 312 1304 ‚
349 1222 706 1316 postquam
771 1226 1089 1290 Eduardus
1138 1225 1512 1296 Bernardus,
1555 1227 1657 1295 vir

143 1316 423 1391 summae
440 1317 829 1387 eruditionis
842 1366 864 1397 ,
893 1316 1065 1387 libro
1088 1315 1206 1388 suo
1229 1316 1314 1386 de
1331 1318 1660 1393 Ponderi-

143 1412 273 1483 bus
294 1420 368 1495 &
386 1411 714 1482 Mensuris
744 1435 959 1505 nuper
975 1412 1179 1492 edito,
1197 1411 1357 1481 huic
1373 1416 1466 1483 rei
1486 1437 1661 1510 qua-

143 1507 191 1578 fi
208 1507 598 1578 coronidem
625 1508 1031 1600 imposuerit,
1051 1509 1157 1576 cui
1182 1506 1344 1576 nihil
1371 1507 1661 1603 amplius

145 1602 298 1672 addi
339 1601 551 1696 poffit.
647 1601 781 1671 Sed
808 1604 1151 1672 enimvero
1176 1599 1523 1680 sciendum
1541 1603 1663 1685 est,

147 1696 259 1768 sua
278 1719 570 1791 quaeque
589 1695 831 1766 habere
851 1717 1172 1789 tempora,
1192 1699 1258 1765 in
1280 1697 1531 1790 quibus
1548 1722 1664 1770 re·-

147 1812 412 1863 centem
452 1812 704 1885 ponant
732 1791 1136 1861 industriam.
1184 1791 1432 1861 Saltem
1464 1793 1500 1862 ὲ
1529 1816 1659 1864 ηο-

152 1889 275 1958 stra
287 1907 470 1956 aetate
487 1887 962 1957 remotioribus
980 1885 1215 1980 saepius
1235 1882 1448 1957 defuit
1463 1910 1662 1958 occa-

148 1983 274 2062 fiO,
308 1980 478 2074 saepe
502 1983 699 2050 etiam
724 1980 973 2052 modus
1006 1982 1455 2075 experimenta
1483 1981 1662 2076 justo

150 2077 370 2147 studio
403 2075 729 2156 tentandi,
753 2099 1053 2170 quorum
1089 2097 1309 2146 tamen
1336 2099 1557 2157 nune,
1589 2080 1661 2148 in

146 2171 501 2250 hodierno,
514 2171 707 2264 quod
724 2174 1341 2265 experimentorum
1363 2169 1663 2267 appella-

146 2291 222 2340 re
239 2264 459 2362 poffi5,
473 2264 736 2348 1'aecuIO‚
756 2269 948 2362 copia
964 2264 1276 2338 abundat.

284 2455 553 2527 Accidit
579 2474 739 2527 vero
757 2454 946 2536 mihi,
967 2452 1466 2550 Geographiam
1495 2475 1668 2551 pau-

148 2547 218 2621 lo
235 2552 574 2643 operosius
605 2572 824 2644 nuper
839 2549 1128 2622 tractanti
1146 2600 1167 2632 ‚
1194 2552 1353 2622 utin
1366 2548 1546 2621 haud
1563 2551 1665 2621 100

147 2665 266 2720 ves
306 2645 672 2723 inciderem
724 2644 1181 2729 difficultates,
1209 2643 1302 2719 ob
1343 2647 1664 2719 incertam

836 2740 912 2837 )(
966 2762 1018 2840 4
1544 2739 1673 2815 de·
