1664 2902
80 65 161 129 30
299 42 577 109 snm-10
602 38 791 114 Lan
821 40 1320 114 Pounninue.

75 199 374 268 perante83
412 184 521 246 hos
543 182 583 245 fi
614 185 744 265 quis
765 202 876 263 pro
900 181 1325 267 Dupondiariis
1362 182 1538 253 Plinii

76 270 341 350 accipere
370 267 541 328 velit,
576 267 626 326 ei
664 286 787 327 non
813 265 1190 345 refragabor3
1225 280 1453 331 certum
1476 289 1538 332 e-

75 356 206 415 nim
235 350 328 417 est,
359 344 772 409 Aurichalcum
799 346 946 409 olim
985 358 1139 410 tanta
1171 368 1309 412 cura
1336 349 1537 414 elabo-

74 446 269 495 ratum
293 430 475 509 longe
498 426 680 504 pluris
708 428 1052 490 aestimatum
1080 426 1243 491 fuisse
1265 450 1373 493 aere
1402 449 1537 495 cru·

76 514 186 593 do,
230 510 396 592 quod
432 508 525 570 vel
556 527 630 571 ex
663 511 779 592 ipsa
811 506 982 575 Plinii
1012 509 1369 590 expreffione
1387 532 1538 575 con·

73 599 252 674 jicere
280 592 417 654 licet
438 612 449 652 ι
470 590 625 651 secus
644 589 825 652 hodie
850 591 902 652 se
924 611 1011 657 res
1035 589 1207 653 habet
1221 608 1240 668 3
1270 612 1342 654 aes
1370 597 1532 656 enim

73 676 322 756 Cadmia
349 670 624 734 tinctum.
663 673 741 732 ob
778 688 1057 751 magnam
1080 671 1254 749 hujus
1280 677 1538 737 minera-

71 759 143 836 ljs
192 758 425 836 copiam
469 752 840 833 absorptam,
892 755 1113 815 minori
1160 753 1533 835 aliquantum

70 841 264 920 pretio
287 837 483 896 venire
508 832 674 898 solet.
762 831 822 894 Si
863 826 987 896 haec
1019 831 1167 895 mihi
1202 836 1535 899 concedan-

70 936 203 989 tur,
229 918 397 980 facile
431 918 549 992 jam
588 913 946 977 concludere
975 912 1312 996 poffumus,
1358 937 1535 981 num-

68 1018 214 1066 mos·
252 1001 459 1061 formae
501 999 741 1072 majoris
787 1014 863 1058 ex
904 995 1259 1060 Aurichalco
1297 997 1532 1061 tantum

67 1102 196 1148 non
237 1099 475 1148 omnes,
514 1093 624 1158 pro
663 1076 792 1159 ipsis
822 1076 1097 1139 Sestertiis
1127 1089 1393 1140 veterum
1422 1077 1535 1147 effe

69 1163 373 1230 habendos
391 1196 409 1232 ,
433 1172 694 1243 quorum
717 1169 837 1220 tam
872 1158 1146 1240 frequens
1174 1162 1235 1220 in
1260 1156 1531 1222 veterum

67 1250 290 1327 scriptis
312 1244 376 1306 fit
402 1244 629 1321 mentio
649 1277 667 1309 ⁵
705 1235 797 1301 sed
820 1240 1186 1320 frequentior
1206 1240 1402 1320 'adhuc
1427 1261 1530 1304 ex-

66 1334 188 1392 titit
207 1329 372 1397 usus;
397 1324 614 1407 horum
637 1321 870 1403 pondus
893 1324 1128 1383 ‘unciam
1165 1322 1531 1404 quandoque

68 1412 327 1489 attingit,
353 1403 671 1487 aliquando
704 1406 878 1464 etiam
902 1402 1161 1483 superati
1208 1417 1414 1465 ornnes
1430 1403 1532 1466 Se·

69 1507 240 1555 'natus
283 1488 624 1550 aufioritate
659 1485 898 1545 fuerunt
934 1483 1051 1546 cufi
1077 1520 1096 1552 s
1137 1484 1303 1565 quod
1347 1485 1530 1546 literae

69 1574 124 1635 S.
149 1573 214 1634 C.
235 1566 732 1632 Senatusconsulti
752 1577 892 1628 nota
911 1564 1037 1625 satis
1063 1566 1345 1631 indicant.
1410 1564 1528 1629 Sed

64 1654 184 1718 hoc
207 1650 527 1715 characiere
552 1648 899 1727 plerumque
923 1656 1119 1706 carent
1143 1644 1375 1707 nummi
1404 1662 1533 1710 'ma-

66 1738 218 1799 ximi
243 1731 506 1799 moduli,
551 1748 701 1808 quos
732 1732 1053 1804 Medagliones
1083 1745 1244 1787 nunc
1279 1739 1526 1798 vocant,

69 1833 332 1899 quorum
370 1811 518 1873 adeo
551 1809 1024 1870 fabricandorum
1067 1803 1316 1886 potestas
1364 1810 1525 1888 apud

65 1893 224 1962 solos
255 1894 548 1972 Principes
567 1888 715 1951 stetit
736 1904 752 1962 ς
770 1892 1028 1970 pecuniae
1051 1889 1357 1949 ordinariae
1381 1890 1526 1952 loco

64 2001 166 2043 eos
195 1975 351 2038 haud
376 1970 571 2041 fuisse,
618 1980 813 2032 raritas
837 1970 1097 2051 ipsorum
1131 1970 1188 2029 ἃ
1212 1964 1528 2032 artificium

63 2058 355 2136 singulare
395 2052 645 2115 ostendit
671 2092 687 2119 ‚
729 2072 839 2133 pro
887 2049 1184 2111 miffilibus
1236 2052 1421 2129 igitur
1460 2054 1525 2112 in

64 2136 360 2224 ‘populum
384 2133 716 2215 spargendis
744 2165 761 2197 ³
804 2130 1114 2212 strenisque
1149 2138 1383 2207 potiUS,
1428 2129 1526 2193 vel

64 2226 238 2285 etiam
290 2218 648 2279 ornamentis
686 2214 987 2293 {ignorum
1027 2212 1372 2273 militarium
1421 2232 1524 2273 eos

61 2303 378 2366 adhibitos,
410 2296 733 2357 verosimile
757 2296 1008 2355 omnino
1027 2292 1278 2358 videtur.
1357 2289 1527 2355 Efin-

64 2383 219 2464 gulis
246 2383 361 2458 jam
387 2380 605 2438 horum
629 2391 1020 2438 nummorum
1046 2374 1335 2450 speciebus
1360 2374 1543 2434 elici-·

35 2506 37 2508 -
63 2465 212 2526 enda
236 2459 379 2535 effen
402 2461 589 2519 unciae
613 2455 895 2519 Romanae
919 2454 1274 2534 magnitudo
1292 2493 1311 2522 ,
1340 2453 1520 2515 sedin

61 2543 401 2610 universum
449 2550 606 2617 tanta
648 2540 932 2619 reperitur
956 2536 1198 2609 variatio
1221 2534 1521 2627 ponderis,

1369 2626 1521 2678 intra
