1664 2902
635 69 899 137 citu-r
941 56 1064 141 IV.
1499 82 1579 148 Π

100 228 287 295 *grana
311 213 637 276 monetaria
658 218 791 280 288.
813 216 840 284 (
865 232 996 291 quae
1036 209 1389 292 respondent
1409 206 1573 272 Pari-i

100 297 366 372 fienfibns
398 312 504 363 351
540 305 558 357 )
605 309 897 375 quantum
940 298 1065 357 sane
1103 294 1330 373 pollent
1365 291 1570 354 Tetra·

100 380 377 442 drachma
406 375 577 438 Thasi
625 377 682 437 ἃ
711 376 1024 436 insularum
1066 375 1568 440 Graecaniearum.

102 460 328 521 Contra
363 465 511 521 nanc
547 456 853 520 dociissimi
876 456 1004 520 Viri
1032 464 1454 531 experientiam
1483 463 1574 518 ni-

96 540 185 602 hil
214 543 458 623 quidem
494 536 681 602 habeo
713 541 881 623 quod
925 541 1117 602 dicam
1152 561 1164 601 ε
1213 540 1372 600 nulla
1407 545 1571 602 enim

97 620 324 685 Siclum
368 623 633 704 pondere
662 622 1042 684 examinandi
1073 620 1302 685 occasio
1339 622 1483 682 mihi
1515 623 1570 684 st:

98 706 353 775 obtulit,
375 708 477 787 qui
505 705 750 788 quidem
778 725 902 767 non
929 705 1105 766 fuerit
1131 701 1397 774 sumeoae
1417 703 1569 766 fidei.

97 806 129 848 a
175 787 352 868 pendi
416 800 614 848 tamen
657 784 1118 849 Tetradrachma
1179 783 1389 854 Thafi,
1425 806 1570 847 cum

164 869 359 932 ercule
375 869 479 932 suo
502 868 821 940 Salvatore‚
839 868 1071 950 aliaque
1091 867 1570 948 insularuni‚quae

96 953 268 1028 juxta
307 948 671 1014 Bernardum
719 970 1026 1030 exaequare
1062 950 1277 1012 debent
1305 949 1572 1019 Siolum,

95 1036 490 1114 comperique
521 1044 751 1094 tantum
780 1031 963 1094 abesse
1007 1043 1074 1093 ut
1101 1030 1567 1094 Tetradrachma

96 1115 292 1177 Attica
320 1115 583 1194 pondere
608 1114 874 1177 multum
901 1115 1191 1195 superent,
1210 1116 1356 1195 quin
1380 1120 1482 1174 vix
1499 1133 1569 1176 ac

94 1216 172 1258 ne
210 1200 311 1258 vix
341 1197 587 1279 quidem
613 1199 818 1259 eadem
852 1200 1190 1277 attingant,
1235 1198 1372 1259 licet
1408 1194 1570 1257 haud

94 1278 405 1359 vulgarem
431 1299 548 1360 prae
572 1280 622 1341 ie
640 1280 829 1343 ferant
849 1281 1275 1360 integritatem·
1319 1276 1568 1339 Durum

95 1372 217 1422 erat
239 1408 254 1431 ‚
283 1366 473 1423 fateor
499 1401 517 1430 ,
553 1360 702 1425 Viro
728 1366 1122 1443 integerrimo
1148 1381 1274 1422 non
1298 1361 1565 1434 credere:

95 1461 172 1503 ne
198 1456 393 1504 tamen
447 1444 593 1506 nihil
629 1465 754 1507 non
807 1455 1099 1506 tentatum
1138 1442 1569 1522 relinquerem,

95 1524 306 1586 altiora
345 1528 442 1607 egi
480 1525 737 1597 consilia.
847 1525 1119 1588 Sciebam
1157 1529 1216 1585 in
1259 1524 1566 1586 Thesauro

94 1606 520 1669 numismatum
541 1612 930 1695 antiquorum
950 1607 1401 1689 incomparabili
1423 1647 1437 1667 ‚
1469 1626 1569 1667 ve-

93 1708 278 1768 reque
296 1688 492 1769 Regio
509 1688 880 1755 Christianisfi
896 1692 975 1750 mi
996 1693 1172 1751 nostri
1204 1687 1570 1762 Monarchae,

93 1771 322 1832 multos
343 1770 687 1836 reconditos
713 1770 822 1834 effe
837 1791 1120 1833 nummos
1142 1767 1467 1832 Hebraicos
1489 1787 1567 1832 ex

93 1854 629 1934 utroquemetallo
658 1872 675 1931 ;
718 1855 960 1916 avebam
989 1856 1175 1933 igitur
1201 1853 1259 1912 ἃ
1293 1852 1468 1914 hosce
1506 1855 1568 1914 in

36 1944 52 1953 ‘
96 1934 423 1996 concilium
460 1955 702 2007 vocare,
729 1951 797 1997 ut
830 1939 1040 1998 veritas
1073 1934 1413 2016 ponderum
1448 1931 1570 1995 He-

95 2016 436 2077 braicorum
452 2022 665 2079 certius
689 2019 1054 2080 elucesceret.
1145 2014 1339 2092 Hujus
1357 2021 1480 2076 voti
1501 2026 1570 2075 ut

96 2096 405 2158 damnarer
424 2145 438 2168 ,
460 2099 656 2162 effecit
680 2098 789 2161 Vir
806 2097 1275 2161 Consultiffimus
1299 2138 1316 2167 ‚
1350 2097 1464 2158 Dn.
1487 2096 1562 2159 D.

95 2175 373 2240 Henrion
404 2218 421 2246 ,
454 2177 904 2259 jureconsultus
938 2178 1253 2242 parisiensis
1287 2222 1304 2247 ,
1343 2178 1570 2257 Regius

95 2255 347 2340 Linguae
362 2259 612 2340 Syriacae
637 2261 932 2325 Professor
952 2310 965 2331 ‚
997 2263 1443 2342 Academiaeque
1458 2259 1572 2322 Re-

94 2344 211 2419 giae
245 2343 696 2423 inscriptionum
739 2349 797 2406 ἃ
839 2345 1282 2406 Numismatum
1316 2342 1569 2410 sodalis,

97 2425 492 2506 quiprecibus
534 2430 678 2488 meis
718 2426 1038 2502 adducitis,
1079 2426 1138 2488 id
1173 2422 1459 2489 affecutus
1496 2424 1575 2485 est

98 2509 171 2566 ab
215 2506 419 2566 illustri
463 2504 590 2574 Dn.
650 2505 970 2571 Oudineto
1009 2555 1025 2578 ‚
1073 2518 1243 2583 cujus
1292 2506 1575 2570 custodiae

99 2583 431 2651 ‘Thesaurus
461 2588 559 2653 hic
591 2589 935 2654 commiffus
956 2591 1068 2665 est,
1098 2604 1165 2653 ut
1200 2589 1576 2673 fingulorum

109 2693 111 2699 ’
177 2701 181 2705 ·
212 2698 226 2706 ”
743 2671 892 2782 ’Β
927 2694 967 2749 4
1224 2719 1227 2721 -
1419 2689 1577 2751 ροη-
