1664 2902
129 73 208 134 34
331 52 624 119 Sne-rio
659 49 698 119 1,
730 48 1370 123 otpertum-us:

121 196 276 256 er.
314 189 632 264 Nonnulli,
662 206 731 256 ut
756 184 1051 257 Snelliusv
1092 194 1190 258 hic
1227 191 1424 277 legere
1465 194 1589 260 ma-

121 277 256 338 lunt
290 269 553 338 XLVlll.
577 286 788 337 contra
809 281 1084 338 omnium
1114 274 1370 354 mffcrpt.
1390 273 1590 342 fidem.

118 359 210 418 uti
246 353 479 416 testatur
513 351 855 417 Harduinus
884 358 945 417 in
986 357 1143 419 notis
1171 358 1243 419 ad
1285 357 1447 420 hunc
1497 357 1589 419 lo-

119 449 282 500 cum.
368 431 616 514 Fateor.
666 435 813 498 mihi
844 455 917 498 ex
951 437 1064 498 istis
1101 442 1205 520 qui
1238 450 1390 516 ante
1412 433 1594 501 Tibe-

119 520 284 580 tium
323 513 562 595 percum
593 516 758 585 sunt,
813 517 1011 579 nullos
1049 516 1214 581 fuiss'e
1237 518 1309 582 ad
1334 519 1542 580 ma‘nus
1565 556 1590 591 ⁸

120 602 229 678 qui
255 596 381 658 satis
405 599 620 676 integri
641 595 851 666 essent,
889 609 956 659 ut
979 617 1052 660 ex
1073 618 1284 661 eorum
1321 601 1589 676 pondere

117 679 359 758 unciam
383 679 683 757 antiquam
700 679 1077 745 deducerem.
1162 677 1430 742 Testatur
1453 683 1588 760 qui-

119 760 260 821 dem
289 756 388 820 θη
428 756 787 828 Bouteroiie,
817 759 971 821 duos
1001 757 1143 838 Julii
1166 761 1220 823 se
1252 757 1588 843 appendisse

119 841 570 919 integerrimOS,
596 856 836 920 granor.
873 838 1041 903 Paris.
1075 858 1205 915 152.
1236 843 1469 925 ipseque
1500 854 1589 905 tao

119 919 276 985 lem.
301 918 394 982 sed
420 918 700 981 detritum
740 922 936 982 inveni
965 941 1131 1001 gran.
1169 940 1300 996 151.
1344 942 1422 984 ex
1456 940 1585 1004 quo

119 1011 320 1064 tamen
344 999 489 1062 nihil
519 1000 810 1065 deducere
833 1001 1047 1074 audeo,
1084 1001 1230 1065 ficut
1250 1023 1358 1065 nec
1383 1019 1459 1066 ex
1479 1003 1587 1065 Ti·

119 1083 268 1144 berii
292 1084 580 1150 nummis,
619 1102 771 1164 quos
790 1086 985 1144 inveni
1026 1103 1193 1162 gran.
1232 1081 1395 1146 Paris.
1444 1100 1590 1162 ¹47&

119 1164 391 1246 integros
430 1162 709 1243 quidem,
749 1163 844 1226 sed
895 1163 968 1225 de
1014 1184 1274 1249 quorum
1316 1165 1586 1246 pondere

117 1243 397 1322 legitimo
427 1246 598 1305 nobis
621 1264 745 1306 non
765 1244 1003 1307 constat.
1089 1245 1355 1326 Superest
1395 1249 1584 1319 igitur

119 1336 190 1387 ut
217 1324 635 1403 confugiamus
668 1325 740 1387 ad
766 1345 1048 1387 nummos
1075 1327 1442 1409 sequentium
1471 1326 1585 1388 Im·

117 1418 484 1488 peratorum.
587 1403 707 1467 Dn.
753 1403 1093 1469 Bouter-ot‘ie
1113 1454 1129 1477 ‚
1191 1407 1458 1481 plurimis
1503 1426 1583 1470 ex

116 1487 325 1550 museo
348 1484 467 1550 Do,
495 1483 739 1564 Seguini
763 1487 1041 1568 appensis,
1065 1487 1400 1569 comperita
1429 1501 1582 1549 tem-

117 1569 365 1649 poribus
404 1565 660 1629 Neronis
689 1568 872 1649 usque
907 1570 978 1631 ad
1011 1567 1365 1644 Septimium
1408 1567 1582 1644 seve,-

116 1667 254 1710 rum
286 1646 733 1730 ejusquefilios,
773 1648 918 1713 nihil
942 1652 1004 1713 in
1032 1649 1289 1730 ipsorum
1316 1650 1581 1730 pondere

115 1724 284 1793 fuiffe
308 1740 600 1791 mutatum
627 1769 644 1799 ,
671 1731 837 1813 quod
867 1732 1092 1792 invenit
1117 1729 1148 1792 a
1181 1734 1375 1811 granis
1409 1729 1580 1794 Paris.

117 1828 259 1884 133.
296 1813 367 1872 ad
407 1830 587 1890 grana
623 1813 804 1894 usque
854 1819 982 1887 138·
1065 1808 1251 1873 Notat
1281 1824 1475 1873 tamen
1509 1821 1580 1874 ut

114 1889 405 1969 fingulare
426 1891 672 1973 aliquid,
696 1913 941 1956 aureum
969 1889 1133 1953 Didii
1166 1890 1398 1973 juliani,
1434 1891 1580 1955 alte·

78 1990 373 2055 ,rumque
422 1970 652 2034 Manliae
697 1973 1021 2040 Scantillae,
1066 1993 1189 2034 non
1237 1971 1337 2034 nifi
1393 1992 1577 2054 grana

118 2071 145 2114 ι
162 2071 254 2127 25·
279 2052 552 2115 habuiffe·
600 2052 732 2134 Ego
748 2055 989 2118 eandem
1008 2056 1427 2135 experientiam
1442 2056 1574 2135 cepi

112 2135 270 2197 circa
300 2154 589 2216 magnum
610 2134 998 2199 num‘morum
1019 2153 1332 2196 aureorum
1360 2154 1574 2197 nume·

111 2232 272 2286 tum,
298 2234 449 2298 quos
485 2235 560 2278 ex
585 2229 748 2293 parte
778 2218 953 2279 amici
979 2215 1449 2295 suppeditarunt,
1480 2219 1573 2276 in-

108 2303 246 2358 veni
270 2313 433 2367 vero,
454 2316 660 2358 omnes
684 2297 835 2366 fere,
867 2300 971 2378 qui
999 2295 1347 2376 singularem
1375 2316 1488 2377 prae
1513 2297 1572 2360 se

107 2375 370 2438 ferebant
396 2379 807 2457 integritatem,
835 2379 965 2459 plus
990 2383 1121 2452 136.
1156 2381 1351 2456 granis
1372 2382 1569 2451 conti-9

106 2473 267 2527 nere,
283 2457 374 2519 sed
400 2459 459 2519 δι
483 2458 632 2520 facia
649 2459 1014 2539 diligentiori
1032 2456 1401 2537 inspediione,
1419 2477 1568 2521 ocu-

102 2537 357 2603 loetiam
379 2550 628 2613 armato,
650 2560 858 2605 omnes
886 2543 966 2606 ita
977 2539 1137 2603 laesos
1157 2540 1373 2620 reperi,
1407 2542 1566 2684 utdin

1338 2640 1461 2699 pon
1506 2640 1567 2693 eq
