1664 2902
620 43 886 110 Cnu‘r
949 41 1038 112 ΙΙ.
1449 47 1557 112 xor

86 203 232 267 quas
256 189 314 249 in
343 185 734 269 superioribus
762 186 888 248 satis
908 191 1177 248 accurate
1209 187 1229 254 ζ
1273 183 1454 246 nime
1482 206 1555 249 o·

84 271 243 330 mnia
268 269 488 336 fallant,
515 268 804 337 dedimus.
890 265 1110 333 Pedem
1132 267 1345 330 deinde
1364 265 1440 328 fic
1461 270 1552 337 inq

81 359 330 411 ventum
351 370 489 413 cum
509 349 745 412 refiduis
769 352 947 412 etiam
972 367 1048 410 ex
1076 350 1426 442 antiquitate
1452 368 1548 412 ve-

77 429 260 513 stigiis
288 433 781 512 comparabimus.

202 586 378 654 Libra
426 588 698 655 Romana
743 601 910 654 vetus
947 599 1172 670 reperta
1217 589 1332 653 fuit
1366 593 1549 663 6240.

79 691 407 753 granorum
439 670 610 736 Paris.
647 674 923 756 Congius
944 685 1142 736 autem
1168 691 1317 754 aqua
1337 671 1547 753 plenus

80 764 300 830 62400.
331 757 585 822 eorund.
609 777 774 837 gran.
861 756 975 820 Sed
1001 755 1226 819 constat
1248 775 1351 836 per
1370 769 1554 834 expe-

75 838 350 900 rientiam
382 838 749 902 celeberrimi
776 837 1002 902 Picardi
1026 886 1042 909 ‚
1087 857 1253 922 aquae
1289 837 1550 898 fontanae

77 934 305 1001 6365o.
335 929 530 1006 granis
560 924 731 997 Paris-
765 925 1114 1008 respondere
1157 924 1328 1005 171-}.
1375 922 1552 1006 polli-

75 1034 170 1077 ces
190 1013 433 1076 cubicos
460 1012 627 1078 Paris.
669 1012 859 1077 Pofita
885 1034 1032 1094 ergo
1068 1008 1357 1097 aquarum
1394 1010 1553 1073 fimi·

75 1095 330 1162 litudine
350 1143 365 1165 ‚
389 1099 740 1177 provenient
765 1117 875 1177 pro
909 1095 1157 1177 Longio
1175 1096 1423 1178 pollices
1442 1112 1549 1156 cu-

72 1185 192 1247 bici
214 1181 385 1250 Paris.
420 1179 706 1269 1681—25—1.
749 1182 858 1247 His
880 1184 1282 1267 multiplicatis
1308 1204 1412 1267 per
1441 1201 1548 1247 cu!

72 1274 221 1335 bum
278 1278 509 1337 numeri
564 1290 692 1336 120.
737 1273 1067 1352 prodibunt
1112 1273 1249 1336 cubi
1283 1274 1543 1354 particu-

71 1355 266 1427 larum
303 1356 571 1436 qualium
606 1376 705 1437 pes
731 1354 901 1417 Paris.
925 1357 1194 1427 continet
1224 1354 1395 1432 ¹440·
1435 1350 1544 1422 Hae

74 1438 376 1519 particulae
402 1439 625 1504 cubicae
656 1442 869 1509 iterum
893 1436 1178 1501 ducendae
1199 1436 1415 1498 suntin
1434 1454 1548 1497 nu-

73 1540 309 1585 merum
345 1520 716 1589 octonarium
750 1567 765 1590 ,
807 1533 875 1580 ut
897 1540 972 1591 ex
1011 1517 1146 1589 Con
1198 1522 1258 1586 io
1285 1518 1382 1588 fiat
1403 1520 1549 1580 Amo

72 1602 286 1685 phora.
370 1601 653 1680 Denique
682 1600 1042 1669 extrahenda
1062 1601 1140 1669 est
1221 1602 1360 1663 aclix
1379 1601 1546 1662 cubi-

73 1705 175 1753 ca,
205 1703 337 1766 quae
385 1684 732 1747 monstrabit
767 1723 785 1754 ‚
833 1695 986 1767 quot
1024 1683 1336 1765 particulas
1378 1683 1546 1764 pedis

69 1765 238 1835 Paris.
259 1770 562 1835 contineat
593 1765 696 1830 Pes
722 1765 904 1829 Rom.
948 1779 1114 1829 vetus
1143 1806 1158 1830 .
1191 1768 1361 1843 cujus
1397 1763 1551 1828 scili„

71 1851 370 1912 cetcubus
399 1848 762 1930 Amphoram
783 1849 1069 1932 aequabat.
1154 1836 1213 1915 Si
1235 1846 1427 1910 modo
1445 1866 1545 1913 or*

74 1932 308 2001 dinatio
359 1951 484 2003 rem
515 1952 793 2012 peragere
823 1931 1072 1995 velimus
1106 1977 1122 2000 ‚
1160 1933 1221 1992 in
1258 1948 1540 2008 magnam

70 2013 480 2096 prolixitatem
521 2016 915 2080 incideremus
950 2060 963 2083 ,
1016 2031 1146 2094 quae
1174 2014 1330 2073 forte
1360 2013 1540 2079 etiam

71 2095 289 2158 calculi
322 2093 562 2156 fallaciis
608 2092 743 2156 effet
775 2097 1086 2169 obnoxia3
1131 2092 1543 2157 substituemus

69 2180 270 2263 itaque
294 2196 577 2248 nun‘ieros
600 2175 920 2249 artificiales
953 2176 1094 2247 loco
1120 2174 1497 2243 naturalium.

766 2622 826 2688 G
872 2642 900 2703 3
1170 2630 1544 2701 2123426‘410
