1726 2902
650 49 953 115 *Cnur
999 38 1094 115 IL'
1535 66 1614 132 23=

114 192 310 274 Scriplae
384 194 489 252 tria
569 194 854 253 drachmam
906 197 1115 271 fitciunt
1139 240 1155 265 ,
1234 215 1328 274 quo
1394 200 1608 273 pondere

130 281 134 286 ’
378 280 526 334 dadis

113 361 311 437 Argenti
321 361 502 433 facilis
509 357 741 434 fignatur
762 379 985 417 nummus
1012 362 1227 425 Athenis,

112 438 280 502 Patet
325 441 463 504 hinc
504 439 800 503 drachmae
850 444 1057 503 Atticae
1103 444 1386 523 adscripta
1433 440 1602 505 fnisse

111 521 464 595 huiusmodi
495 542 675 602 grana
702 523 1058 592 octodecim,
1084 526 1252 605 quod
1279 528 1455 585 etiam
1489 545 1613 586 nos·

111 604 296 667 docet
350 602 706 685 Cleopatra,
747 602 1134 668 Dioscorides
1162 645 1178 673 ,
1225 607 1337 667 alii.
1424 604 1602 668 Fafio

109 685 312 769 saepius
362 692 812 767 experimento,
863 687 1011 748 mihi
1060 689 1322 758 constat,
1375 686 1600 750 horum

109 784 440 851 granorum
472 771 619 832 bene
640 770 991 835 ficcatorum
1013 769 1348 832 octodecim
1369 815 1384 837 ‚
1419 774 1600 851 aequi·

107 851 440 934 ponderare
484 856 679 933 granis
740 851 913 921 Paris.
980 863 1076 925 87.
1142 854 1443 913 interdum
1501 859 1598 917 88.

108 933 282 1016 quod
317 931 348 995 a
386 937 570 996 tribus
617 935 882 1016 scripulis
925 931 1214 995 Romanis
1258 935 1353 995 seu
1393 932 1597 994 offlava

107 1019 300 1078 unciae
327 1030 490 1098 parte
510 1017 792 1084 multum,
827 1015 859 1077 a
897 1016 1177 1078 drachma
1219 1036 1364 1077 vero
1402 1015 1597 1078 Attica

105 1118 316 1181 parum
342 1100 511 1169 abest,
546 1111 611 1160 ut
635 1119 710 1161 ex
742 1099 1115 1180 sequentibus
1146 1101 1384 1179 patebit.
1465 1096 1608 1157 Sta·v

105 1181 402 1241 tuendum
439 1192 635 1242 tamen
667 1187 727 1242 in
758 1181 1097 1242 universum
1129 1181 1382 1247 videtur,
1407 1178 1493 1239 his
1513 1193 1594 1240 ta·

104 1262 260 1324 libus
291 1262 438 1324 nihil
491 1263 665 1325 solidi
711 1263 1020 1345 superstrui
1055 1259 1216 1343 posse
1239 1309 1255 1333 ,
1299 1261 1402 1323 nisi
1431 1281 1594 1324 acce-

0 1340 1 1344 ’
104 1344 247 1407 dant
271 1344 380 1406 alia
407 1349 677 1408 certiora.

188 1426 392 1488 Multo
426 1428 626 1490 saltem
672 1428 913 1495 certiori
952 1426 1234 1506 indagine
1273 1423 1395 1486 hz'ec
1420 1445 1593 1487 vena-

104 1510 155 1570 ri
182 1508 385 1570 liceret
411 1529 487 1570 ex
529 1511 764 1571 vetustis
795 1509 1088 1589 lapidibus
1129 1507 1589 1588 ponderalibuS,

105 1609 370 1672 quorum
404 1593 543 1653 teste
574 1589 741 1653 Luca
772 1590 930 1652 Paeto
954 1590 994 1651 l.
1026 1612 1076 1664 5,
1106 1589 1301 1651 adhuc
1329 1593 1589 1650 maxima
1623 1660 1629 1668 s
1689 1593 1698 1597 ⁷

102 1674 278 1751 copia
310 1672 667 1735 diversarum
697 1672 1185 1753 magnitudinum
1208 1669 1239 1732 a
1272 1671 1429 1731 libris
1455 1688 1594 1733 cen--

102 1765 233 1816 tum
277 1755 462 1838 usque
496 1758 568 1817 ad
608 1755 872 1817 selibras,
904 1759 1175 1822 trientes,
1208 1754 1267 1813 &
1295 1753 1590 1835 quadran·

103 1846 188 1898 tes
218 1834 429 1899 Romae
479 1839 874 1920 conspicitur3
920 1835 1112 1898 inodo
1165 1834 1287 1913 ipsis
1330 1838 1389 1895 in
1431 1846 1588 1896 tanta

103 1921 482 2000 antiquitate,
524 1918 820 1982 continuo
854 1923 1057 1981 attritu
1097 1917 1190 1978 vel
1211 1920 1268 1977 vi
1309 1928 1587 1984 externa,

102 2000 251 2062 nihil
307 1999 639 2064 decesserit,
683 2002 797 2063 illis
836 2003 1134 2081 inprimis,
1183 2001 1285 2080 qui
1323 2018 1448 2060 uno
1493 1997 1604 2059 vel-

99 2082 368 2164 pluribus
392 2083 591 2145 ferreis
613 2083 844 2145 annulis
881 2095 982 2146 aut
1006 2081 1179 2150 ansis,
1207 2086 1267 2141 in
1302 2080 1586 2161 superiori

101 2176 264 2246 parte
309 2165 562 2246 plumbo
604 2165 1032 2228 ferruminatis‚
1071 2163 1579 2244 suspendebantur.

101 2248 276 2309 Libra
302 2260 458 2309 certe
481 2245 774 2318 Romana,
807 2268 987 2330 quam
1020 2245 1208 2308 Paetus
1235 2244 1371 2305 inde
1392 2244 1578 2305 dedu-

99 2331 227 2399 xit,
267 2329 608 2391 notabiliter
633 2334 834 2392 minor
873 2331 950 2392 est
977 2329 1040 2391 ea
1066 2368 1082 2399 ,
1137 2347 1317 2410 quam
1359 2326 1467 2388 alia
1498 2330 1583 2387 in-

101 2411 296 2473 dubiae
378 2409 515 2472 fidei
605 2416 1007 2494 experimenta
1094 2408 1578 2473 commonstrant.

102 2489 342 2554 Illustris
425 2512 673 2575 quoque
750 2492 1075 2556 Peireskius
1149 2505 1426 2566 expertus
1504 2488 1581 2551 est

102 2593 206 2658 per
236 2573 504 2657 pondera
528 2579 802 2660 antiqua,
841 2577 1053 2720 lli3biam
1079 2573 1418 2640 Romanam
1448 2583 1610 2715 ing-³

115 2671 127 2685 .
160 2700 200 2709 ..
298 2684 310 2695 Α
938 2677 979 2735 4
1544 2671 1581 2716 Ο
