1664 2902
641 80 894 148 Canu-r
938 80 982 148 I·
1467 107 1544 168 95

72 222 385 294 Bernardi,
430 240 561 307 quae
587 224 821 306 insuper
843 226 1037 288 media
1067 229 1156 289 via
1190 229 1344 291 inter
1383 241 1550 292 caete-

71 328 162 369 ras
183 308 425 371 incedit.
514 305 803 369 Continet
829 311 978 370 adeo
1021 330 1119 390 pes
1155 307 1546 375 Londinenfis

71 406 260 472 partes
286 393 504 472 970,—{-.
528 396 691 477 pedis
717 393 1039 464 Rhiuland.
1104 397 1222 461 Sex
1246 402 1546 477 ejusmodi

71 483 284 565 pedes,
329 488 610 544 fathomum
655 483 1025 545 constituunt
1066 531 1081 555 ‚
1128 489 1287 570 quafi
1324 490 1546 553 diceres

71 565 411 628 funiculum
456 568 684 646 orgyiae
721 566 1032 647 aequalem·

153 668 258 732 Pes
282 668 475 732 noster
497 666 1002 748 Argentoratenfis
1023 668 1290 730 urbicus·
1330 675 1543 754 exqui.

72 750 175 814 fita
213 752 494 831 indagine
534 749 565 812 ὲ
604 750 776 812 nobis
812 749 1202 831 deprehensus
1244 753 1322 812 est
1351 759 1549 818 conti·

72 855 212 898 nere
235 853 380 907 922.
415 845 603 916 partes
635 832 964 893 millefimas
992 831 1155 912 pedis
1194 831 1548 900 Rhinlandi-

72 932 124 989 ci
153 971 167 993 ,
192 924 285 986 vel
315 916 563 1004 12823.
598 920 910 1001 particulas
949 920 1114 1000 pedis
1163 918 1333 988 Paris.
1394 921 1547 986 Prae.

71 1007 182 1075 ivit
205 1012 301 1075 hic
320 1013 510 1078 nobis,
532 1012 614 1069 uti
635 1012 695 1069 in
716 1007 868 1069 aliis,
888 1004 1279 1070 Venerandus
1295 1008 1419 1073 Du.
1437 1010 1546 1092 Ju-

72 1095 186 1157 lius
205 1091 477 1157 Reichelt
494 1137 508 1160 ,
535 1087 818 1170 peculiari
842 1086 1264 1152 Differtatione
1295 1091 1368 1154 de
1393 1091 1548 1157 Pede

72 1173 553 1256 Argentoratenfi
579 1169 973 1233 Geometrico
993 1210 1010 1239 ,
1070 1173 1167 1234 ubi
1195 1193 1251 1233 m
1263 1174 1382 1236 ulta
1407 1197 1550 1255 ρης.

73 1259 225 1322 clara
249 1257 323 1319 de
354 1256 700 1319 nostratium
747 1253 1029 1315 mensuris
1067 1254 1328 1334 reliquis.
1425 1258 1547 1338 lpse

72 1361 175 1423 pes
200 1339 485 1402 dividitur
500 1340 560 1399 in
586 1355 674 1401 12.
696 1336 938 1415 pollices
955 1375 972 1398 2
991 1355 1255 1417 quorum
1278 1337 1547 1419 singulos

62 1427 289 1485 iterum
319 1426 378 1483 in
411 1440 540 1485 100,
570 1416 880 1501 particulas
912 1418 1272 1498 distinguere
1300 1420 1543 1502 placuit.

72 1503 302 1568 Decem
339 1504 517 1587 pedes
549 1513 930 1580 componunt
960 1499 1407 1584 Decempedam
1446 1506 1545 1568 sen

72 1583 365 1648 Perticam
402 1633 416 1656 ‚
463 1591 567 1644 eine
611 1586 789 1647 Ruthe.
876 1581 981 1644 Pes
1036 1582 1545 1662 Argentoratenfis

74 1667 283 1730 ruralis
307 1709 325 1735 ,
364 1672 449 1726 der
496 1669 805 1739 Landschuhe
845 1710 860 1734 ,
908 1666 986 1726 est
1009 1669 1264 1746 partium
1292 1689 1545 1752 941.pe-

71 1750 161 1813 dis
190 1748 511 1815 Rhinland.
533 1752 805 1832 adeoque
843 1765 1013 1822 ¹309.
1042 1749 1208 1828 pedis
1235 1747 1406 1818 Paris.

155 1830 262 1895 Pes
305 1830 823 1911 Norimbergenfis
864 1830 1105 1893 urbicus
1154 1833 1233 1894 est
1281 1837 1544 1916 partium

73 1931 216 1996 968.
242 1941 318 1982 ex
355 1921 674 1983 millesimis
706 1917 1087 1981 Rhinlandici
1118 1959 1139 1990 ,
1192 1922 1289 1983 seu
1334 1921 1550 2009 1346{.

74 2028 151 2071 ex
184 2009 451 2084 1440‚mis
487 2006 659 2069 Paris,
719 2009 807 2067 uti
842 2025 940 2067 me
971 2005 1218 2068 edocuit
1248 2004 1552 2076 Nobilissi-

73 2110 206 2152 mus
230 2089 353 2152 Dn.
372 2090 454 2152 W
474 2089 826 2151 urtzelbaur.
892 2085 998 2148 Pes
1018 2087 1214 2152 adhuc
1229 2091 1376 2154 alius
1401 2097 1561 2159 estin

73 2172 180 2234 usu
212 2170 629 2250 Norimbergae
659 2210 677 2240 ,
725 2171 993 2252 lapicidis
1016 2172 1075 2231 Sc
1109 2172 1384 2237 ruricolis
1412 2199 1552 2254 prae-

73 2255 269 2316 sertim
292 2257 502 2317 vicinis
526 2302 540 2323 ,
566 2273 746 2335 quem
773 2255 1113 2334 operarium
1149 2297 1167 2324 ,
1205 2267 1312 2317 Den
1352 2264 1554 2325 Werck.

59 2341 243 2413 schuhe
277 2337 607 2419 appellarim
644 2335 741 2398 hic
771 2338 944 2397 uncia
976 2338 1177 2396 minor
1203 2339 1280 2400 est
1318 2344 1550 2417 urbico,

72 2431 131 2481 at
152 2418 541 2482 nihilominus
568 2421 626 2479 in
646 2430 834 2499 partes
860 2417 1198 2481 duodenas,
1241 2425 1329 2483 uti
1353 2431 1517 2501 prior
1534 2474 1551 2500 ‚

72 2501 313 2567 divisuS.

155 2601 262 2667 Pes
291 2601 680 2668 Dantiscanus
704 2637 723 2666 2
762 2600 1106 2666 observante
1151 2600 1447 2754 Heveliop,
1489 2611 1551 2675 in

1440 2713 1541 2756 rae·
