1664 2902
596 49 853 119 Cnur
890 47 1011 117 111.
1440 64 1525 144 453

46 196 399 266 Concinunt
416 190 637 257 Pollux
654 239 669 265 ,
693 192 901 257 Suidas
919 239 934 264 ‚
959 187 1172 278 reliqui
1194 240 1210 266 ,
1233 191 1379 260 loco
1399 218 1524 264 non

43 301 451 427 1¹¹n'c1'3ale11t111n
478 358 743 422 Atticum
766 352 1074 422 πέλιπον.
1100 354 1395 441 sexaginta
1408 363 1524 427 fuit

51 450 352 511 minarum
376 488 392 511 ‚
415 441 509 505 seu
535 440 632 502 sex
668 440 924 521 millium
951 439 1364 506 drachmarum
1391 483 1407 507 ,
1429 449 1528 510 iis·

51 529 192 592 dem
230 537 298 588 ut
332 526 500 605 supra
525 521 783 586 testibus
872 519 1130 583 Fannius
1158 524 1408 591 iterum:

169 668 447 741 cecropium
463 659 671 740 steps-rest
684 660 783 741 post
809 661 902 721 hac
925 662 983 720 do
992 664 1128 736 cuiffl
1151 668 1429 736 talentum:

171 754 438 827 Sexaginta
481 750 639 807 minas
681 787 698 815 ,
744 746 833 820 seu
862 749 936 807 vis
968 792 983 816 ,
1021 751 1115 818 sex
1170 754 1321 809 nullia
1353 754 1533 813 drach.

370 851 495 892 mas.

179 915 320 993 Qod
354 917 601 989 fiimmum
644 913 790 970 dadis
831 910 1106 987 perhibetur
1151 919 1339 990 pondus
1385 919 1535 978 Athe.

84 1014 87 1017 ’
367 1017 464 1062 ms.

63 1133 386 1200 Priscianus
413 1133 453 1197 l.
475 1154 527 1198 c.
556 1149 632 1195 ex
649 1152 753 1201 eo,
777 1128 945 1215 quod
969 1132 1170 1198 Livius
1195 1135 1397 1200 talenti
1415 1157 1543 1204 mez-

63 1220 305 1281 minerit
316 1213 592 1281 LXXX.
615 1216 925 1284 librarum,
939 1217 1154 1280 Seneca
1173 1239 1314 1281 vero
1332 1221 1539 1285 statuat

65 1295 229 1363 idern
277 1320 354 1375 24
398 1298 662 1362 Sestertia
692 1337 708 1360 2
760 1299 886 1361 duo
919 1298 1092 1361 finxit
1130 1301 1344 1363 talenta
1369 1352 1386 1375 ,
1417 1326 1547 1368 ma-

69 1381 262 1465 gnum
283 1381 532 1443 alterum
558 1421 576 1450 ‚
596 1388 757 1448 8000
777 1382 836 1441 &
861 1383 1112 1461 amplius
1137 1383 1551 1458 denariorum,

69 1465 321 1527 alterum
350 1482 617 1544 parvum,
644 1470 804 1528 6000
824 1463 1227 1532 denariorum.
1321 1467 1436 1530 Sed
1463 1481 1550 1531 ta-

71 1547 216 1610 lenti
234 1549 397 1628 parvi
423 1565 646 1607 nornen
671 1548 951 1607 omnibus
984 1551 1240 1628 antiquis
1263 1550 1341 1612 est
1369 1555 1551 1630 igno&

73 1641 206 1706 tum
232 1648 342 1705 nec
363 1627 609 1709 usquam
641 1641 876 1708 apparet
906 1674 922 1697 ,
984 1631 1071 1690 uti
1093 1629 1364 1693 testatum
1409 1632 1552 1701 facit

75 1707 132 1792 J.
153 1704 243 1773 Fr.
261 1707 611 1793 Gronovius
632 1756 648 1779 ,
688 1713 776 1771 vir
799 1708 1214 1774 eruditissimus
1232 1762 1245 1783 ‚
1264 1715 1552 1798 vastaeque

76 1793 345 1856 led'tionis
374 1829 393 1859 ‚
435 1793 508 1853 de
534 1791 673 1852 Sest.
705 1791 741 1853 l.
769 1811 821 1865 3·
856 1812 903 1854 c.
938 1811 994 1866 3.
1065 1791 1278 1876 Magni
1305 1797 1556 1877 quidem

47 1929 51 1933 .
80 1879 311 1937 mentio
346 1871 410 1935 fit
443 1873 597 1954 apud
626 1867 901 1935 Plautum
930 1876 990 1934 in
1033 1871 1283 1940 Curcul.
1312 1880 1372 1940 &
1414 1879 1558 1943 Mo-

80 1956 226 2019 stell.
250 1953 603 2018 Terentium
628 1960 801 2017 etiam
828 1958 888 2016 in
910 1953 1152 2018 Phorm.
1178 1959 1303 2023 A&-
1328 1981 1375 2034 3⁸
1399 1961 1474 2026 sc.
1502 1982 1561 2038 3·

82 2030 379 2182 {irgi‘liius
435 2048 711 2119 praeterea
766 2037 1032 2114 ejusdem
1085 2045 1360 2105 meminit
1411 2043 1448 2108 l.
1497 2066 1562 2124 9,

164 2140 255 2182 nel
303 2167 316 2180 .

213 2241 276 2287 Et
307 2229 523 2303 tripodas
541 2230 790 2303 geminos,
810 2231 923 2286 auri
948 2231 1040 2287 duo
1063 2248 1239 2308 magna
1276 2236 1488 2297 talenta.

90 2347 249 2413 Puto
278 2360 475 2411 tamen
501 2397 515 2418 ,
541 2347 581 2409 fi
605 2349 743 2411 hinc
790 2349 916 2411 duo
949 2351 1311 2416 talentorum
1349 2377 1567 2437 genera

91 2431 315 2514 fingere
340 2433 592 2493 velimus
613 2474 631 2497 ,
655 2431 812 2492 idem
851 2429 961 2494 effe
984 2454 1052 2496 ac
1090 2433 1127 2496 si
1158 2455 1233 2497 ex
1262 2457 1335 2498 eo
1356 2486 1370 2508 ,
1397 2443 1569 2519 quod

94 2515 315 2577 dicitur
349 2512 579 2592 elephas
618 2533 871 2591 magnus
895 2561 910 2583 ‚
959 2516 1323 2580 concludere
1359 2521 1571 2587 debea-

95 2615 260 2668 mus,
284 2595 409 2659 duo
432 2589 542 2659 effe
558 2594 1014 2738 elephantossim
1036 2617 1268 2680 genera,
1291 2603 1572 2683 pulillum

143 2717 147 2721 ·
1433 2690 1576 2750 alte·
