<?xml version="1.0" encoding="UTF-8"?>
<!DOCTYPE html PUBLIC "-//W3C//DTD XHTML 1.0 Transitional//EN"
    "http://www.w3.org/TR/xhtml1/DTD/xhtml1-transitional.dtd">
<html xmlns="http://www.w3.org/1999/xhtml" xml:lang="en" lang="en">
 <head>
  <title>
</title>
<meta http-equiv="Content-Type" content="text/html;charset=utf-8" />
  <meta name='ocr-system' content='tesseract 3.04.00' />
  <meta name='ocr-capabilities' content='ocr_page ocr_carea ocr_par ocr_line ocrx_word'/>
</head>
<body>
  <div class='ocr_page' id='page_1' title='image "./deponderibusetme00eise_0100.png"; bbox 0 0 1664 2902; ppageno 0'>
   <div class='ocr_carea' id='block_1_1' title="bbox 134 58 1515 146">
    <p class='ocr_par' dir='ltr' id='par_1_1' title="bbox 134 58 1515 146">
     <span class='ocr_line' id='line_1_1' title="bbox 134 58 1515 146; baseline -0.001 -4"><span class='ocrx_word' id='word_1_1' title='bbox 134 82 215 146; x_wconf 82' lang='lat'><strong>82</strong></span> <span class='ocrx_word' id='word_1_2' title='bbox 260 75 541 141; x_wconf 68' lang='lat' dir='ltr'><strong>Str-no</strong></span> <span class='ocrx_word' id='word_1_3' title='bbox 583 58 669 144; x_wconf 71' lang='lat' dir='ltr'><strong>IL</strong></span> <span class='ocrx_word' id='word_1_4' title='bbox 701 73 809 139; x_wconf 65' lang='lat' dir='ltr'><strong>Du</strong></span> <span class='ocrx_word' id='word_1_5' title='bbox 860 73 1248 140; x_wconf 65' lang='lat' dir='ltr'><strong>Mensums</strong></span> <span class='ocrx_word' id='word_1_6' title='bbox 1282 75 1515 143; x_wconf 61' lang='lat' dir='ltr'><strong>Cum.-</strong></span> 
     </span>
    </p>
   </div>
   <div class='ocr_carea' id='block_1_2' title="bbox 111 213 1595 2559">
    <p class='ocr_par' dir='ltr' id='par_1_2' title="bbox 111 213 1595 2559">
     <span class='ocr_line' id='line_1_2' title="bbox 111 213 1590 298; baseline 0 -19"><span class='ocrx_word' id='word_1_7' title='bbox 111 238 113 241; x_wconf 88' lang='lat'>·</span> <span class='ocrx_word' id='word_1_8' title='bbox 137 218 265 279; x_wconf 87' lang='lat' dir='ltr'><strong>lum</strong></span> <span class='ocrx_word' id='word_1_9' title='bbox 290 214 671 298; x_wconf 79' lang='lat' dir='ltr'><strong>EmpyriCum</strong></span> <span class='ocrx_word' id='word_1_10' title='bbox 695 216 753 276; x_wconf 65' lang='grc' dir='ltr'>ἃ</span> <span class='ocrx_word' id='word_1_11' title='bbox 775 213 1023 277; x_wconf 87' lang='lat' dir='ltr'><strong>Paulum</strong></span> <span class='ocrx_word' id='word_1_12' title='bbox 1041 214 1590 296; x_wconf 83' lang='lat' dir='ltr'><strong>AEginetam‚Gale·</strong></span> 
     </span>
     <span class='ocr_line' id='line_1_3' title="bbox 137 297 1590 381; baseline 0 -20"><span class='ocrx_word' id='word_1_13' title='bbox 137 318 286 361; x_wconf 77' lang='lat' dir='ltr'><strong>num</strong></span> <span class='ocrx_word' id='word_1_14' title='bbox 310 343 324 368; x_wconf 89' lang='lat'>,</span> <span class='ocrx_word' id='word_1_15' title='bbox 369 310 469 358; x_wconf 82' lang='lat' dir='ltr'><strong>aut</strong></span> <span class='ocrx_word' id='word_1_16' title='bbox 509 300 773 378; x_wconf 86' lang='lat' dir='ltr'><strong>quisquis</strong></span> <span class='ocrx_word' id='word_1_17' title='bbox 795 297 971 358; x_wconf 85' lang='lat' dir='ltr'><strong>fuerit</strong></span> <span class='ocrx_word' id='word_1_18' title='bbox 1009 298 1210 360; x_wconf 66' lang='lat' dir='ltr'><strong>audior</strong></span> <span class='ocrx_word' id='word_1_19' title='bbox 1237 297 1421 358; x_wconf 86' lang='lat' dir='ltr'><strong>libelli</strong></span> <span class='ocrx_word' id='word_1_20' title='bbox 1447 317 1590 381; x_wconf 88' lang='lat' dir='ltr'><strong>ope-</strong></span> 
     </span>
     <span class='ocr_line' id='line_1_4' title="bbox 136 374 1595 446; baseline -0.001 -4"><span class='ocrx_word' id='word_1_21' title='bbox 136 381 297 442; x_wconf 71' lang='lat' dir='ltr'><strong>ribus</strong></span> <span class='ocrx_word' id='word_1_22' title='bbox 332 374 540 441; x_wconf 88' lang='lat' dir='ltr'><strong>Galeni</strong></span> <span class='ocrx_word' id='word_1_23' title='bbox 569 381 786 439; x_wconf 81' lang='lat' dir='ltr'>annexi</span> <span class='ocrx_word' id='word_1_24' title='bbox 820 378 893 439; x_wconf 91' lang='lat' dir='ltr'><strong>de</strong></span> <span class='ocrx_word' id='word_1_25' title='bbox 932 377 1119 446; x_wconf 79' lang='lat' dir='ltr'><strong>Mens.</strong></span> <span class='ocrx_word' id='word_1_26' title='bbox 1159 379 1220 440; x_wconf 72' lang='lat' dir='ltr'><strong>Sc</strong></span> <span class='ocrx_word' id='word_1_27' title='bbox 1256 376 1447 445; x_wconf 76' lang='lat' dir='ltr'><strong>Pond.</strong></span> <span class='ocrx_word' id='word_1_28' title='bbox 1486 398 1595 441; x_wconf 86' lang='lat' dir='ltr'><strong>cu-</strong></span> 
     </span>
     <span class='ocr_line' id='line_1_5' title="bbox 136 461 1588 542; baseline 0.001 -21"><span class='ocrx_word' id='word_1_29' title='bbox 136 466 231 538; x_wconf 80' lang='lat' dir='ltr'><strong>jus</strong></span> <span class='ocrx_word' id='word_1_30' title='bbox 269 461 442 521; x_wconf 88' lang='lat' dir='ltr'><strong>verba</strong></span> <span class='ocrx_word' id='word_1_31' title='bbox 487 470 788 520; x_wconf 88' lang='lat' dir='ltr'><strong>merentur</strong></span> <span class='ocrx_word' id='word_1_32' title='bbox 829 468 896 521; x_wconf 87' lang='lat' dir='ltr'><strong>ut</strong></span> <span class='ocrx_word' id='word_1_33' title='bbox 922 461 1149 539; x_wconf 82' lang='lat' dir='ltr'><strong>integra</strong></span> <span class='ocrx_word' id='word_1_34' title='bbox 1178 470 1588 542; x_wconf 85' lang='lat' dir='ltr'><strong>apponantur:</strong></span> 
     </span>
     <span class='ocr_line' id='line_1_6' title="bbox 137 540 1592 624; baseline -0.001 -23"><span class='ocrx_word' id='word_1_35' title='bbox 137 544 353 601; x_wconf 27' lang='lat' dir='ltr'><strong>Modeusi</strong></span> <span class='ocrx_word' id='word_1_36' title='bbox 393 544 636 624; x_wconf 76' lang='lat' dir='ltr'><strong>AEgyptius</strong></span> <span class='ocrx_word' id='word_1_37' title='bbox 686 540 749 603; x_wconf 59' lang='grc' dir='ltr'><strong>(γ’</strong></span> <span class='ocrx_word' id='word_1_38' title='bbox 806 545 1003 599; x_wconf 81' lang='lat' dir='ltr'><strong>Italicus</strong></span> <span class='ocrx_word' id='word_1_39' title='bbox 1061 544 1203 599; x_wconf 79' lang='lat' dir='ltr'><strong>habet</strong></span> <span class='ocrx_word' id='word_1_40' title='bbox 1257 545 1483 600; x_wconf 81' lang='lat' dir='ltr'><strong>choenicas</strong></span> <span class='ocrx_word' id='word_1_41' title='bbox 1530 548 1592 611; x_wconf 63' lang='lat'><strong>8,</strong></span> 
     </span>
     <span class='ocr_line' id='line_1_7' title="bbox 134 624 1593 699; baseline -0.001 -16"><span class='ocrx_word' id='word_1_42' title='bbox 134 626 323 683; x_wconf 74' lang='lat' dir='ltr'><strong>cboem&#39;x</strong></span> <span class='ocrx_word' id='word_1_43' title='bbox 350 629 592 699; x_wconf 69' lang='lat' dir='ltr'><strong>sextarios</strong></span> <span class='ocrx_word' id='word_1_44' title='bbox 641 639 699 686; x_wconf 83' lang='lat'><strong>2.</strong></span> <span class='ocrx_word' id='word_1_45' title='bbox 736 624 984 697; x_wconf 81' lang='lat' dir='ltr'><strong>sextarius</strong></span> <span class='ocrx_word' id='word_1_46' title='bbox 1047 628 1162 681; x_wconf 83' lang='lat' dir='ltr'><strong>duos</strong></span> <span class='ocrx_word' id='word_1_47' title='bbox 1197 625 1551 698; x_wconf 66' lang='lat' dir='ltr'><strong>limisextarios</strong></span> <span class='ocrx_word' id='word_1_48' title='bbox 1574 669 1593 695; x_wconf 88' lang='lat'><strong>,</strong></span> 
     </span>
     <span class='ocr_line' id='line_1_8' title="bbox 135 708 1589 782; baseline 0 -19"><span class='ocrx_word' id='word_1_49' title='bbox 135 725 260 782; x_wconf 76' lang='lat' dir='ltr'><strong>quas</strong></span> <span class='ocrx_word' id='word_1_50' title='bbox 298 710 452 763; x_wconf 77' lang='lat' dir='ltr'><strong>etiam</strong></span> <span class='ocrx_word' id='word_1_51' title='bbox 495 708 712 764; x_wconf 79' lang='lat' dir='ltr'><em>heminas</em></span> <span class='ocrx_word' id='word_1_52' title='bbox 767 723 963 768; x_wconf 72' lang='lat' dir='ltr'><strong>vocant.</strong></span> <span class='ocrx_word' id='word_1_53' title='bbox 1082 712 1288 763; x_wconf 68' lang='lat' dir='ltr'><strong>Hemina</strong></span> <span class='ocrx_word' id='word_1_54' title='bbox 1328 724 1438 764; x_wconf 76' lang='lat' dir='ltr'><strong>vero</strong></span> <span class='ocrx_word' id='word_1_55' title='bbox 1477 725 1589 763; x_wconf 84' lang='lat' dir='ltr'><strong>con-</strong></span> 
     </span>
     <span class='ocr_line' id='line_1_9' title="bbox 135 789 1586 867; baseline -0.001 -21"><span class='ocrx_word' id='word_1_56' title='bbox 135 793 263 846; x_wconf 77' lang='lat' dir='ltr'><strong>tinet</strong></span> <span class='ocrx_word' id='word_1_57' title='bbox 316 789 505 867; x_wconf 80' lang='lat' dir='ltr'><em>cyathos</em></span> <span class='ocrx_word' id='word_1_58' title='bbox 549 791 605 847; x_wconf 84' lang='lat'><strong>6.</strong></span> <span class='ocrx_word' id='word_1_59' title='bbox 677 794 860 844; x_wconf 80' lang='lat' dir='ltr'><strong>Atticus</strong></span> <span class='ocrx_word' id='word_1_60' title='bbox 910 803 1074 844; x_wconf 77' lang='lat' dir='ltr'><strong>autem</strong></span> <span class='ocrx_word' id='word_1_61' title='bbox 1116 791 1388 845; x_wconf 78' lang='lat' dir='ltr'><strong>Medimnus</strong></span> <span class='ocrx_word' id='word_1_62' title='bbox 1438 789 1586 844; x_wconf 82' lang='lat' dir='ltr'><strong>habet</strong></span> 
     </span>
     <span class='ocr_line' id='line_1_10' title="bbox 135 870 1588 943; baseline -0.002 -16"><span class='ocrx_word' id='word_1_63' title='bbox 135 872 362 927; x_wconf 64' lang='lat' dir='ltr'><strong>hemieeta</strong></span> <span class='ocrx_word' id='word_1_64' title='bbox 413 886 436 927; x_wconf 90' lang='lat'>1</span> <span class='ocrx_word' id='word_1_65' title='bbox 451 887 505 935; x_wconf 79' lang='lat'><strong>2.</strong></span> <span class='ocrx_word' id='word_1_66' title='bbox 558 871 845 926; x_wconf 68' lang='lat' dir='ltr'><strong>Hemieclum</strong></span> <span class='ocrx_word' id='word_1_67' title='bbox 900 873 1030 940; x_wconf 79' lang='lat' dir='ltr'><strong>capit</strong></span> <span class='ocrx_word' id='word_1_68' title='bbox 1082 886 1143 943; x_wconf 78' lang='lat'><strong>4.</strong></span> <span class='ocrx_word' id='word_1_69' title='bbox 1185 870 1411 926; x_wconf 83' lang='lat' dir='ltr'><strong>choem&#39;cas</strong></span> <span class='ocrx_word' id='word_1_70' title='bbox 1449 887 1464 933; x_wconf 67' lang='grc' dir='ltr'>ς</span> <span class='ocrx_word' id='word_1_71' title='bbox 1527 884 1588 925; x_wconf 81' lang='lat' dir='ltr'><strong>ut</strong></span> 
     </span>
     <span class='ocr_line' id='line_1_11' title="bbox 123 948 1594 1024; baseline -0.002 -17"><span class='ocrx_word' id='word_1_72' title='bbox 123 948 196 1023; x_wconf 74' lang='lat' dir='ltr'><strong>fic</strong></span> <span class='ocrx_word' id='word_1_73' title='bbox 264 952 538 1010; x_wconf 81' lang='lat' dir='ltr'><strong>Medimnus</strong></span> <span class='ocrx_word' id='word_1_74' title='bbox 592 951 771 1008; x_wconf 81' lang='lat' dir='ltr'><strong>habeat</strong></span> <span class='ocrx_word' id='word_1_75' title='bbox 843 954 1021 1007; x_wconf 76' lang='lat' dir='ltr'><strong>modios</strong></span> <span class='ocrx_word' id='word_1_76' title='bbox 1074 962 1133 1013; x_wconf 75' lang='lat'><strong>6.</strong></span> <span class='ocrx_word' id='word_1_77' title='bbox 1216 952 1444 1007; x_wconf 74' lang='lat' dir='ltr'><strong>choenicaes</strong></span> <span class='ocrx_word' id='word_1_78' title='bbox 1491 958 1594 1024; x_wconf 80' lang='lat'><strong>48.</strong></span> 
     </span>
     <span class='ocr_line' id='line_1_12' title="bbox 126 1028 1590 1107; baseline 0.003 -19"><span class='ocrx_word' id='word_1_79' title='bbox 126 1035 375 1107; x_wconf 77' lang='lat' dir='ltr'><em>sextarios</em></span> <span class='ocrx_word' id='word_1_80' title='bbox 411 1038 513 1104; x_wconf 78' lang='lat'><strong>96.</strong></span> <span class='ocrx_word' id='word_1_81' title='bbox 593 1028 871 1092; x_wconf 82' lang='lat' dir='ltr'><strong>Praeterea</strong></span> <span class='ocrx_word' id='word_1_82' title='bbox 903 1050 1042 1093; x_wconf 89' lang='lat' dir='ltr'><strong>cum</strong></span> <span class='ocrx_word' id='word_1_83' title='bbox 1073 1029 1347 1093; x_wconf 80' lang='lat' dir='ltr'><strong>choenice</strong></span> <span class='ocrx_word' id='word_1_84' title='bbox 1370 1049 1590 1093; x_wconf 89' lang='lat' dir='ltr'><strong>conve-</strong></span> 
     </span>
     <span class='ocr_line' id='line_1_13' title="bbox 134 1110 1587 1175; baseline -0.001 -2"><span class='ocrx_word' id='word_1_85' title='bbox 134 1116 225 1173; x_wconf 90' lang='lat' dir='ltr'><strong>nit</strong></span> <span class='ocrx_word' id='word_1_86' title='bbox 263 1114 605 1175; x_wconf 85' lang='lat' dir='ltr'><strong>demensum</strong></span> <span class='ocrx_word' id='word_1_87' title='bbox 645 1110 1058 1174; x_wconf 87' lang='lat' dir='ltr'><strong>Romanorum</strong></span> <span class='ocrx_word' id='word_1_88' title='bbox 1116 1112 1398 1173; x_wconf 87' lang='lat' dir='ltr'><strong>diurnum</strong></span> <span class='ocrx_word' id='word_1_89' title='bbox 1450 1130 1466 1174; x_wconf 69' lang='grc' dir='ltr'>ε</span> <span class='ocrx_word' id='word_1_90' title='bbox 1522 1113 1587 1172; x_wconf 92' lang='lat' dir='ltr'><strong>in</strong></span> 
     </span>
     <span class='ocr_line' id='line_1_14' title="bbox 132 1192 1589 1274; baseline -0.002 -18"><span class='ocrx_word' id='word_1_91' title='bbox 132 1193 399 1274; x_wconf 84' lang='lat' dir='ltr'><strong>fingulos</strong></span> <span class='ocrx_word' id='word_1_92' title='bbox 442 1197 599 1255; x_wconf 90' lang='lat' dir='ltr'><strong>enim</strong></span> <span class='ocrx_word' id='word_1_93' title='bbox 653 1192 873 1253; x_wconf 85' lang='lat' dir='ltr'><strong>menses</strong></span> <span class='ocrx_word' id='word_1_94' title='bbox 919 1205 1177 1274; x_wconf 86' lang='lat' dir='ltr'><strong>quatuor</strong></span> <span class='ocrx_word' id='word_1_95' title='bbox 1207 1194 1394 1254; x_wconf 87' lang='lat' dir='ltr'><strong>modii</strong></span> <span class='ocrx_word' id='word_1_96' title='bbox 1430 1192 1589 1273; x_wconf 88' lang='lat' dir='ltr'><strong>apud</strong></span> 
     </span>
     <span class='ocr_line' id='line_1_15' title="bbox 133 1272 1586 1354; baseline -0.004 -15"><span class='ocrx_word' id='word_1_97' title='bbox 133 1275 289 1354; x_wconf 85' lang='lat' dir='ltr'><strong>ipsos</strong></span> <span class='ocrx_word' id='word_1_98' title='bbox 326 1273 679 1338; x_wconf 76' lang='lat' dir='ltr'><strong>sufficiebant</strong></span> <span class='ocrx_word' id='word_1_99' title='bbox 713 1313 732 1343; x_wconf 92' lang='lat'>,</span> <span class='ocrx_word' id='word_1_100' title='bbox 780 1274 1048 1352; x_wconf 81' lang='lat' dir='ltr'><strong>adeoque</strong></span> <span class='ocrx_word' id='word_1_101' title='bbox 1076 1278 1133 1334; x_wconf 81' lang='lat' dir='ltr'><strong>in</strong></span> <span class='ocrx_word' id='word_1_102' title='bbox 1160 1272 1421 1352; x_wconf 74' lang='lat' dir='ltr'><strong>singulos</strong></span> <span class='ocrx_word' id='word_1_103' title='bbox 1464 1272 1586 1334; x_wconf 79' lang='lat' dir='ltr'><strong>dies</strong></span> 
     </span>
     <span class='ocr_line' id='line_1_16' title="bbox 137 1352 1588 1437; baseline -0.003 -16"><span class='ocrx_word' id='word_1_104' title='bbox 137 1358 340 1421; x_wconf 61' lang='lat' dir='ltr'><strong>octava</strong></span> <span class='ocrx_word' id='word_1_105' title='bbox 362 1360 594 1420; x_wconf 86' lang='lat' dir='ltr'><strong>circiter</strong></span> <span class='ocrx_word' id='word_1_106' title='bbox 616 1355 805 1416; x_wconf 89' lang='lat' dir='ltr'><strong>modii</strong></span> <span class='ocrx_word' id='word_1_107' title='bbox 833 1375 981 1433; x_wconf 84' lang='lat' dir='ltr'><strong>pars.</strong></span> <span class='ocrx_word' id='word_1_108' title='bbox 1068 1354 1179 1415; x_wconf 84' lang='lat' dir='ltr'><strong>Sed</strong></span> <span class='ocrx_word' id='word_1_109' title='bbox 1220 1374 1455 1437; x_wconf 83' lang='lat' dir='ltr'><strong>crucem</strong></span> <span class='ocrx_word' id='word_1_110' title='bbox 1489 1352 1588 1416; x_wconf 89' lang='lat' dir='ltr'><strong>hic</strong></span> 
     </span>
     <span class='ocr_line' id='line_1_17' title="bbox 132 1433 1586 1520; baseline -0.003 -20"><span class='ocrx_word' id='word_1_111' title='bbox 132 1441 327 1520; x_wconf 84' lang='lat' dir='ltr'><strong>figunt</strong></span> <span class='ocrx_word' id='word_1_112' title='bbox 343 1459 407 1500; x_wconf 86' lang='lat' dir='ltr'><strong>ea</strong></span> <span class='ocrx_word' id='word_1_113' title='bbox 425 1484 441 1508; x_wconf 87' lang='lat'><strong>,</strong></span> <span class='ocrx_word' id='word_1_114' title='bbox 466 1454 597 1518; x_wconf 79' lang='lat' dir='ltr'><strong>quae</strong></span> <span class='ocrx_word' id='word_1_115' title='bbox 621 1433 953 1517; x_wconf 77' lang='lat' dir='ltr'><strong>Cleopatra,</strong></span> <span class='ocrx_word' id='word_1_116' title='bbox 971 1434 1185 1496; x_wconf 75' lang='lat' dir='ltr'><strong>Pollux</strong></span> <span class='ocrx_word' id='word_1_117' title='bbox 1202 1477 1218 1501; x_wconf 89' lang='lat'><strong>‚</strong></span> <span class='ocrx_word' id='word_1_118' title='bbox 1243 1435 1467 1503; x_wconf 84' lang='lat' dir='ltr'><strong>Suidas,</strong></span> <span class='ocrx_word' id='word_1_119' title='bbox 1484 1434 1586 1495; x_wconf 84' lang='lat' dir='ltr'><strong>ha·-</strong></span> 
     </span>
     <span class='ocr_line' id='line_1_18' title="bbox 130 1517 1584 1596; baseline -0.008 -10"><span class='ocrx_word' id='word_1_120' title='bbox 130 1525 274 1586; x_wconf 90' lang='lat' dir='ltr'><strong>bent</strong></span> <span class='ocrx_word' id='word_1_121' title='bbox 295 1520 368 1581; x_wconf 91' lang='lat' dir='ltr'><strong>de</strong></span> <span class='ocrx_word' id='word_1_122' title='bbox 390 1519 694 1586; x_wconf 82' lang='lat' dir='ltr'><strong>choenice,</strong></span> <span class='ocrx_word' id='word_1_123' title='bbox 730 1520 827 1579; x_wconf 91' lang='lat' dir='ltr'><strong>cui</strong></span> <span class='ocrx_word' id='word_1_124' title='bbox 852 1529 967 1579; x_wconf 81' lang='lat' dir='ltr'><strong>tres</strong></span> <span class='ocrx_word' id='word_1_125' title='bbox 985 1517 1208 1596; x_wconf 67' lang='lat' dir='ltr'><strong>cotylae</strong></span> <span class='ocrx_word' id='word_1_126' title='bbox 1233 1517 1584 1585; x_wconf 69' lang='lat' dir='ltr'><strong>adieribunt,</strong></span> 
     </span>
     <span class='ocr_line' id='line_1_19' title="bbox 133 1595 1586 1687; baseline -0.004 -23"><span class='ocrx_word' id='word_1_127' title='bbox 133 1622 265 1687; x_wconf 78' lang='lat' dir='ltr'><strong>quae</strong></span> <span class='ocrx_word' id='word_1_128' title='bbox 289 1598 641 1679; x_wconf 85' lang='lat' dir='ltr'><strong>respondent</strong></span> <span class='ocrx_word' id='word_1_129' title='bbox 664 1598 911 1660; x_wconf 83' lang='lat' dir='ltr'><strong>sextario</strong></span> <span class='ocrx_word' id='word_1_130' title='bbox 938 1616 1076 1662; x_wconf 86' lang='lat' dir='ltr'><strong>cum</strong></span> <span class='ocrx_word' id='word_1_131' title='bbox 1104 1595 1341 1658; x_wconf 68' lang='lat' dir='ltr'><strong>semisse.</strong></span> <span class='ocrx_word' id='word_1_132' title='bbox 1424 1595 1586 1658; x_wconf 85' lang='lat' dir='ltr'><strong>Hinc</strong></span> 
     </span>
     <span class='ocr_line' id='line_1_20' title="bbox 131 1678 1588 1757; baseline -0.005 -11"><span class='ocrx_word' id='word_1_133' title='bbox 131 1682 412 1750; x_wconf 85' lang='lat' dir='ltr'><strong>nonnulli</strong></span> <span class='ocrx_word' id='word_1_134' title='bbox 446 1678 692 1741; x_wconf 87' lang='lat' dir='ltr'><strong>diversas</strong></span> <span class='ocrx_word' id='word_1_135' title='bbox 718 1678 1048 1747; x_wconf 82' lang='lat' dir='ltr'><strong>choenices,</strong></span> <span class='ocrx_word' id='word_1_136' title='bbox 1069 1678 1478 1757; x_wconf 81' lang='lat' dir='ltr'><strong>magnitudine</strong></span> <span class='ocrx_word' id='word_1_137' title='bbox 1502 1678 1588 1739; x_wconf 90' lang='lat' dir='ltr'><strong>di-</strong></span> 
     </span>
     <span class='ocr_line' id='line_1_21' title="bbox 127 1757 1588 1841; baseline -0.008 -9"><span class='ocrx_word' id='word_1_138' title='bbox 127 1762 647 1832; x_wconf 65' lang='lat' dir='ltr'><strong>stinflasstatuunt.</strong></span> <span class='ocrx_word' id='word_1_139' title='bbox 728 1757 844 1839; x_wconf 81' lang='lat' dir='ltr'><strong>Jac.</strong></span> <span class='ocrx_word' id='word_1_140' title='bbox 876 1760 1147 1841; x_wconf 83' lang='lat' dir='ltr'><strong>Capellus</strong></span> <span class='ocrx_word' id='word_1_141' title='bbox 1182 1772 1339 1821; x_wconf 85' lang='lat' dir='ltr'><strong>certe</strong></span> <span class='ocrx_word' id='word_1_142' title='bbox 1377 1759 1474 1819; x_wconf 81' lang='lat' dir='ltr'><strong>sex</strong></span> <span class='ocrx_word' id='word_1_143' title='bbox 1496 1778 1588 1820; x_wconf 88' lang='lat' dir='ltr'><strong>ea-</strong></span> 
     </span>
     <span class='ocr_line' id='line_1_22' title="bbox 131 1839 1585 1925; baseline -0.006 -15"><span class='ocrx_word' id='word_1_144' title='bbox 131 1865 266 1910; x_wconf 76' lang='lat' dir='ltr'><strong>rum</strong></span> <span class='ocrx_word' id='word_1_145' title='bbox 301 1846 511 1925; x_wconf 84' lang='lat' dir='ltr'><strong>species</strong></span> <span class='ocrx_word' id='word_1_146' title='bbox 529 1840 809 1922; x_wconf 85' lang='lat' dir='ltr'><strong>producit</strong></span> <span class='ocrx_word' id='word_1_147' title='bbox 834 1857 851 1912; x_wconf 88' lang='grc'>;</span> <span class='ocrx_word' id='word_1_148' title='bbox 879 1839 1240 1921; x_wconf 83' lang='lat' dir='ltr'><strong>Opilionum</strong></span> <span class='ocrx_word' id='word_1_149' title='bbox 1259 1888 1272 1909; x_wconf 92' lang='lat'>,</span> <span class='ocrx_word' id='word_1_150' title='bbox 1290 1840 1585 1902; x_wconf 83' lang='lat' dir='ltr'><strong>Sestertia-</strong></span> 
     </span>
     <span class='ocr_line' id='line_1_23' title="bbox 130 1921 1585 1995; baseline -0.008 -3"><span class='ocrx_word' id='word_1_151' title='bbox 130 1933 311 1995; x_wconf 79' lang='lat' dir='ltr'><strong>riam,</strong></span> <span class='ocrx_word' id='word_1_152' title='bbox 346 1926 600 1986; x_wconf 83' lang='lat' dir='ltr'><strong>Atticam</strong></span> <span class='ocrx_word' id='word_1_153' title='bbox 627 1921 720 1982; x_wconf 86' lang='lat' dir='ltr'><strong>seu</strong></span> <span class='ocrx_word' id='word_1_154' title='bbox 750 1922 1108 1984; x_wconf 88' lang='lat' dir='ltr'><strong>Villicorum</strong></span> <span class='ocrx_word' id='word_1_155' title='bbox 1131 1963 1148 1980; x_wconf 81' lang='grc'><strong>.</strong></span> <span class='ocrx_word' id='word_1_156' title='bbox 1194 1921 1447 1984; x_wconf 80' lang='lat' dir='ltr'><strong>Italicam</strong></span> <span class='ocrx_word' id='word_1_157' title='bbox 1486 1921 1585 1981; x_wconf 79' lang='lat' dir='ltr'><strong>leu</strong></span> 
     </span>
     <span class='ocr_line' id='line_1_24' title="bbox 128 2000 1585 2082; baseline -0.008 -10"><span class='ocrx_word' id='word_1_158' title='bbox 128 2009 496 2075; x_wconf 88' lang='lat' dir='ltr'><strong>Vinitorum‚</strong></span> <span class='ocrx_word' id='word_1_159' title='bbox 518 2000 877 2082; x_wconf 83' lang='lat' dir='ltr'><strong>Georgicam</strong></span> <span class='ocrx_word' id='word_1_160' title='bbox 906 2003 965 2063; x_wconf 65' lang='grc' dir='ltr'><strong>δε</strong></span> <span class='ocrx_word' id='word_1_161' title='bbox 990 2002 1330 2066; x_wconf 81' lang='lat' dir='ltr'><strong>Militarem.</strong></span> <span class='ocrx_word' id='word_1_162' title='bbox 1361 2002 1473 2063; x_wconf 87' lang='lat' dir='ltr'><strong>Alii</strong></span> <span class='ocrx_word' id='word_1_163' title='bbox 1496 2002 1585 2062; x_wconf 90' lang='lat' dir='ltr'><strong>di·</strong></span> 
     </span>
     <span class='ocr_line' id='line_1_25' title="bbox 131 2082 1584 2165; baseline -0.009 -9"><span class='ocrx_word' id='word_1_164' title='bbox 131 2089 457 2155; x_wconf 82' lang='lat' dir='ltr'><strong>verfitatem</strong></span> <span class='ocrx_word' id='word_1_165' title='bbox 492 2083 833 2165; x_wconf 78' lang='lat' dir='ltr'><strong>cotyiarum</strong></span> <span class='ocrx_word' id='word_1_166' title='bbox 870 2084 1151 2145; x_wconf 81' lang='lat' dir='ltr'><strong>incusant.</strong></span> <span class='ocrx_word' id='word_1_167' title='bbox 1235 2082 1385 2145; x_wconf 86' lang='lat' dir='ltr'><strong>Sunt</strong></span> <span class='ocrx_word' id='word_1_168' title='bbox 1408 2085 1584 2144; x_wconf 87' lang='lat' dir='ltr'><strong>etiam</strong></span> 
     </span>
     <span class='ocr_line' id='line_1_26' title="bbox 128 2163 1584 2255; baseline -0.007 -20"><span class='ocrx_word' id='word_1_169' title='bbox 128 2176 235 2255; x_wconf 87' lang='lat' dir='ltr'><strong>qui</strong></span> <span class='ocrx_word' id='word_1_170' title='bbox 250 2171 388 2232; x_wconf 85' lang='lat' dir='ltr'><strong>hinc</strong></span> <span class='ocrx_word' id='word_1_171' title='bbox 408 2176 893 2247; x_wconf 80' lang='lat' dir='ltr'><strong>argumentantur</strong></span> <span class='ocrx_word' id='word_1_172' title='bbox 910 2208 925 2231; x_wconf 88' lang='lat'>,</span> <span class='ocrx_word' id='word_1_173' title='bbox 968 2167 1335 2226; x_wconf 81' lang='lat' dir='ltr'><strong>medimnum</strong></span> <span class='ocrx_word' id='word_1_174' title='bbox 1354 2163 1584 2225; x_wconf 83' lang='lat' dir='ltr'><strong>nonnisi</strong></span> 
     </span>
     <span class='ocr_line' id='line_1_27' title="bbox 130 2243 1583 2325; baseline -0.009 -8"><span class='ocrx_word' id='word_1_175' title='bbox 130 2253 409 2318; x_wconf 84' lang='lat' dir='ltr'><strong>sextarios</strong></span> <span class='ocrx_word' id='word_1_176' title='bbox 434 2268 534 2325; x_wconf 86' lang='lat'><strong>72.</strong></span> <span class='ocrx_word' id='word_1_177' title='bbox 557 2248 652 2307; x_wconf 92' lang='lat' dir='ltr'><strong>seu</strong></span> <span class='ocrx_word' id='word_1_178' title='bbox 668 2267 720 2321; x_wconf 87' lang='lat'><strong>4.</strong></span> <span class='ocrx_word' id='word_1_179' title='bbox 745 2247 984 2306; x_wconf 86' lang='lat' dir='ltr'><strong>modios</strong></span> <span class='ocrx_word' id='word_1_180' title='bbox 1001 2266 1137 2306; x_wconf 90' lang='lat' dir='ltr'><strong>cum</strong></span> <span class='ocrx_word' id='word_1_181' title='bbox 1167 2243 1381 2306; x_wconf 80' lang='lat' dir='ltr'><strong>semisse</strong></span> <span class='ocrx_word' id='word_1_182' title='bbox 1405 2245 1583 2322; x_wconf 78' lang='lat' dir='ltr'><strong>cepis·</strong></span> 
     </span>
     <span class='ocr_line' id='line_1_28' title="bbox 128 2324 1582 2416; baseline -0.008 -22"><span class='ocrx_word' id='word_1_183' title='bbox 128 2331 525 2416; x_wconf 78' lang='lat' dir='ltr'><strong>se‚praesertim</strong></span> <span class='ocrx_word' id='word_1_184' title='bbox 543 2346 682 2389; x_wconf 89' lang='lat' dir='ltr'><strong>cum</strong></span> <span class='ocrx_word' id='word_1_185' title='bbox 703 2346 778 2386; x_wconf 86' lang='lat' dir='ltr'><strong>ex</strong></span> <span class='ocrx_word' id='word_1_186' title='bbox 790 2324 1046 2407; x_wconf 83' lang='lat' dir='ltr'><strong>Josepho</strong></span> <span class='ocrx_word' id='word_1_187' title='bbox 1066 2325 1247 2387; x_wconf 80' lang='lat' dir='ltr'><strong>simile</strong></span> <span class='ocrx_word' id='word_1_188' title='bbox 1273 2326 1417 2406; x_wconf 87' lang='lat' dir='ltr'><strong>quid</strong></span> <span class='ocrx_word' id='word_1_189' title='bbox 1437 2344 1582 2385; x_wconf 81' lang='lat' dir='ltr'><strong>con-</strong></span> 
     </span>
     <span class='ocr_line' id='line_1_29' title="bbox 128 2407 1582 2494; baseline -0.01 -15"><span class='ocrx_word' id='word_1_190' title='bbox 128 2416 293 2480; x_wconf 90' lang='lat' dir='ltr'><strong>cludi</strong></span> <span class='ocrx_word' id='word_1_191' title='bbox 317 2408 504 2494; x_wconf 72' lang='lat' dir='ltr'><strong>possit,</strong></span> <span class='ocrx_word' id='word_1_192' title='bbox 527 2411 600 2469; x_wconf 91' lang='lat' dir='ltr'><strong>de</strong></span> <span class='ocrx_word' id='word_1_193' title='bbox 620 2426 744 2489; x_wconf 86' lang='lat' dir='ltr'><strong>quo</strong></span> <span class='ocrx_word' id='word_1_194' title='bbox 770 2426 918 2469; x_wconf 83' lang='lat' dir='ltr'><strong>mox</strong></span> <span class='ocrx_word' id='word_1_195' title='bbox 936 2408 1214 2469; x_wconf 79' lang='lat' dir='ltr'><strong>dicemus,</strong></span> <span class='ocrx_word' id='word_1_196' title='bbox 1306 2408 1432 2485; x_wconf 84' lang='lat' dir='ltr'><strong>Ego</strong></span> <span class='ocrx_word' id='word_1_197' title='bbox 1450 2407 1582 2482; x_wconf 82' lang='lat' dir='ltr'><strong>qui-</strong></span> 
     </span>
     <span class='ocr_line' id='line_1_30' title="bbox 124 2485 1581 2559; baseline -0.011 0"><span class='ocrx_word' id='word_1_198' title='bbox 124 2499 263 2559; x_wconf 87' lang='lat' dir='ltr'><strong>dem</strong></span> <span class='ocrx_word' id='word_1_199' title='bbox 290 2513 411 2554; x_wconf 88' lang='lat' dir='ltr'><strong>non</strong></span> <span class='ocrx_word' id='word_1_200' title='bbox 427 2491 756 2553; x_wconf 84' lang='lat' dir='ltr'><strong>admodum</strong></span> <span class='ocrx_word' id='word_1_201' title='bbox 777 2489 1118 2550; x_wconf 85' lang='lat' dir='ltr'><strong>adversabor</strong></span> <span class='ocrx_word' id='word_1_202' title='bbox 1148 2529 1166 2555; x_wconf 85' lang='lat'>‚</span> <span class='ocrx_word' id='word_1_203' title='bbox 1221 2485 1257 2547; x_wconf 87' lang='lat' dir='ltr'>fi</span> <span class='ocrx_word' id='word_1_204' title='bbox 1284 2487 1581 2548; x_wconf 70' lang='lat' dir='ltr'><strong>statuatur,</strong></span> 
     </span>
    </p>
   </div>
   <div class='ocr_carea' id='block_1_3' title="bbox 127 2567 1581 2710">
    <p class='ocr_par' dir='ltr' id='par_1_3' title="bbox 127 2567 1581 2710">
     <span class='ocr_line' id='line_1_31' title="bbox 127 2567 1581 2659; baseline -0.01 -18"><span class='ocrx_word' id='word_1_205' title='bbox 127 2578 389 2641; x_wconf 85' lang='lat' dir='ltr'><strong>duorum</strong></span> <span class='ocrx_word' id='word_1_206' title='bbox 411 2590 697 2652; x_wconf 84' lang='lat' dir='ltr'><strong>generum</strong></span> <span class='ocrx_word' id='word_1_207' title='bbox 720 2570 1053 2632; x_wconf 87' lang='lat' dir='ltr'><strong>medimnos</strong></span> <span class='ocrx_word' id='word_1_208' title='bbox 1067 2569 1385 2649; x_wconf 84' lang='lat' dir='ltr'><strong>aliquando</strong></span> <span class='ocrx_word' id='word_1_209' title='bbox 1404 2567 1581 2659; x_wconf 78' lang='lat' dir='ltr'><strong>Athe·</strong></span> 
     </span>
     <span class='ocr_line' id='line_1_32' title="bbox 1492 2667 1579 2710; baseline 0.023 -2"><span class='ocrx_word' id='word_1_210' title='bbox 1492 2667 1579 2710; x_wconf 76' lang='lat' dir='ltr'><strong>nis</strong></span> 
     </span>
    </p>
   </div>
  </div>
 </body>
</html>
