1664 2902
282 74 384 142 D2
431 74 679 141 VAzou
722 74 1004 142 Pncuma
1045 76 1332 141 Vni-nus.
1432 69 1550 154 '135³’

80 215 336 282 eundem
378 219 552 278 etiam
588 215 948 278 delineatum
993 214 1157 277 dedit
1193 213 1548 285 Molinetus‚

81 303 259 364 Cabin.
307 302 364 357 de
407 304 458 356 la
518 300 745 362 Biblini),
803 302 860 356 de
906 311 956 362 s,
1025 300 1296 358 Genevieve
1348 343 1363 367 ,
1407 316 1550 377 pag.

85 392 178 458 56.
217 382 318 442 ubi
344 377 673 441 Denarium
698 380 1068 460 duplicatum
1097 383 1369 441 nominat
1429 376 1553 460 Ipse

81 482 206 524 non
232 473 462 522 tantum
488 460 643 540 apud
670 463 893 523 amicos
918 462 1055 522 tales
1073 480 1356 522 nummos
1385 463 1553 523 inve-

82 548 174 604 ni.
210 542 300 603 sed
334 543 393 602 δε
435 545 688 624 propriae
724 543 934 604 arculae
974 561 1163 602 unum
1191 542 1553 612 recondunt,

82 625 339 686 indubiae
377 626 739 704 antiquitatis
763 663 781 692 ,
815 626 1127 706 operisque
1157 623 1441 701 elegantis
1473 675 1483 691 2
1517 622 1553 687 ὲ

82 705 285 768 Graeca
316 705 472 767 haud
507 707 685 767 dubie
711 722 934 778 manu;
972 704 1208 784 pondus
1224 706 1302 767 est
1334 725 1552 784 grano-

82 806 215 849 rum
254 784 420 849 Paris.
460 805 592 860 124.
639 799 828 851 cetera
853 789 1269 863 integerrimus
1311 805 1324 847 :
1369 786 1553 849 literae

82 889 206 931 non
237 868 369 930 sunt
406 871 691 931 exstantes
718 881 783 931 ut
822 873 880 930 in
913 869 1172 950 reliqui8‚
1197 867 1289 929 sed
1314 888 1468 931 cavae
1491 869 1554 930 ὃς

84 950 214 1032 post
249 950 675 1032 percuffionem
711 955 943 1012 nummi
976 951 1222 1010 demum
1249 949 1552 1031 impreffae,

87 1036 144 1094 in
166 1035 351 1115 iisque
374 1036 566 1095 notari
591 1046 848 1095 meretur
871 1030 1058 1112 figura
1083 1030 1263 1093 literae
1290 1033 1351 1102 A,
1373 1030 1409 1065 ⁴
1428 1052 1556 1095 non

81 1113 302 1182 clama,
333 1114 423 1177 led
448 1134 521 1175 ex
540 1127 700 1195 parte
724 1126 916 1195 aperta
939 1161 952 1182 ‚
992 1112 1160 1195 quod
1181 1124 1426 1176 remotae
1455 1134 1557 1177 an-

84 1197 371 1276 tiquitatis
400 1197 478 1258 est
501 1198 810 1258 indicium.
898 1197 1136 1256 Viderat
1163 1208 1432 1276 praeterea
1453 1194 1555 1258 Sa-

83 1292 260 1338 votus
293 1278 439 1341 aiios
470 1298 754 1340 nummos
793 1276 1058 1357 ejusdem
1105 1276 1386 1359 ponderis
1411 1298 1554 1342 cum

80 1361 343 1438 imagine
368 1365 503 1442 equi
530 1360 621 1421 vel
650 1363 824 1422 etiam
855 1363 1109 1422 cervices
1148 1362 1380 1439 equinae
1405 1364 1460 1420 ἃ
1495 1380 1554 1423 e·

81 1442 405 1523 pigrapiie,
452 1439 827 1505 ROMANO
863 1440 1106 1584 ‚guales
1130 1443 1332 1504 icones
1374 1445 1554 1505 etiam

83 1529 458 1600 reperiuntur
501 1528 558 1586 in
605 1523 840 1585 Goltzii
949 1527 1109 1587 raecia
1147 1524 1369 1602 Magna
1387 1520 1553 1586 Tab.

83 1601 301 1671 kVssl.
394 1604 559 1668 Hanc
609 1605 813 1667 Savoti
863 1605 1202 1667 sententiam
1268 1617 1553 1687 pernegat

85 1689 353 1767 inprimis
398 1685 749 1750 Gronovius
781 1687 815 1747 l.
859 1704 911 1749 2,
939 1708 1007 1753 c.
1053 1706 1096 1747 ι.
1129 1687 1200 1748 de
1238 1687 1374 1751 sest.
1406 1691 1553 1751 item

84 1765 179 1844 l.3
227 1790 275 1832 c.
313 1789 364 1846 9.
411 1791 533 1832 non
567 1789 690 1830 uno
741 1767 919 1830 allato
981 1781 1358 1851 argumento.
1459 1769 1553 1834 An

85 1869 228 1912 vero
265 1871 386 1913 rem
434 1851 710 1914 conficiat
738 1890 756 1920 ‚
814 1851 910 1912 alii
941 1849 1196 1913 viderint
1235 1892 1249 1913 .
1292 1851 1552 1915 nostram

83 1935 243 1993 enim
279 1953 402 1995 non
435 1934 682 1995 facimus
714 1934 864 1995 hanc
891 1932 1372 1996 controversiam.

72 2042 74 2045 >
168 2011 625 2077 Deveniendum
661 2014 900 2075 tandem
935 2015 1012 2075 est
1049 2015 1119 2076 ad
1158 2034 1412 2078 examen
1454 2034 1553 2078 va·

84 2094 226 2157 loris
268 2100 529 2177 pecuniae
555 2096 732 2158 Rom.
766 2098 973 2158 veteris
1020 2097 1211 2158 relatae
1259 2096 1333 2158 ad
1380 2115 1556 2160 num·

87 2197 218 2238 mos
238 2177 576 2248 hodiernos,
593 2178 760 2260 quod
778 2198 916 2241 com
927 2179 1107 2239 mode
1126 2181 1428 2261 peragitur
1454 2199 1556 2259 per

87 2257 396 2320 denarium
420 2280 769 2338 argenteum
791 2259 1177 2320 (joniularem
1194 2300 1209 2327 ‚
1227 2260 1329 2342 qui
1355 2266 1557 2323 inven-

87 2357 180 2407 tus
214 2347 290 2407 est
351 2368 516 2428 gran.
565 2345 728 2410 Paris.
779 2345 917 2426 7⁴23
957 2345 1032 2410 D.
1075 2345 1419 2411 Bouteroije
1454 2368 1558 2410 ex-

88 2435 419 2514 perimento
447 2434 655 2497 didicit
689 2435 747 2494 in
781 2434 1023 2497 denario
1053 2435 1321 2514 quodam
1355 2439 1561 2517 Augu·

88 2514 150 2575 sti
173 2560 188 2582 ‚
234 2520 546 2598 puritatem
589 2518 816 2593 argenti
850 2535 924 2577 eo
951 2513 1259 2578 ascendisse
1284 2555 1301 2585 .
1334 2531 1398 2578 ut
1433 2538 1561 2581 non

90 2595 192 2656 nifi
236 2614 288 2669 ς.
320 2615 498 2676 grana
535 2605 591 2658 in
635 2615 831 2662 marca
867 2594 1123 2659 deessent
1160 2599 1234 2662 ad
1265 2599 1559 2662 summam

169 2686 205 2725 Ψ
223 2692 322 2741 m.
352 2699 448 2757 Flg.
475 2701 596 2743 rm.
874 2678 898 2742 I
941 2700 983 2757 4
1433 2702 1564 2764 per-
