1664 2902
607 59 711 139 ῧὲ(
752 80 870 139 215
921 57 1028 134 >ffl-

52 201 267 268 at‘lum.
321 200 487 285 quod
531 198 843 284 hucusque
888 199 1250 282 spreverant,
1303 198 1539 265 adsum·

50 288 245 348 serunt
271 284 580 362 singulare,
607 284 789 366 idque
816 282 1291 362 multiplicarunt
1312 302 1414 362 per
1433 286 1533 344 ad-

49 371 263 431 verbia.
345 364 417 426 Et
456 364 615 447 quasl
666 376 799 427 ante
832 384 1008 425 centies
1040 365 1303 437 fislertiuni
1333 360 1442 425 'aaz
1478 366 1534 428 ’Ῐέ

47 469 238 511 centum
268 447 486 529 sestertia
521 447 738 530 (quod
780 467 857 509 ex
898 447 1173 526 analogia
1219 457 1530 527 poterant,

47 532 142 594 sed
167 530 514 599 noluerunt,
536 543 603 592 ut
629 546 786 591 nova
812 529 992 612 ellips]
1015 530 1087 591 ad
1119 530 1315 590 multo
1341 533 1531 608 majo-

44 633 171 675 rem
219 613 511 675 summam
559 611 917 673 efferendam
949 631 1022 674 eo
1070 612 1418 685 uterentur)
1458 616 1532 672 bis

45 700 250 766 centies,
279 700 358 758 vel
384 699 625 754 ducenties
657 691 924 769 filiertitim
955 713 1066 770 pro
1114 693 1368 757 ducenta
1405 695 1535 757 Sec.

43 783 300 856 quinquies
331 784 506 838 centies
534 774 792 849 fillettitim
830 789 941 859 pro
967 777 1310 858 quingentis
1345 776 1531 839 milli-

45 862 153 922 bus
179 862 294 925 &a
322 867 486 922 novies
506 865 681 919 centies
708 858 799 921 vel
814 864 1092 936 nongenties
1113 855 1380 936 fi’stertitim
1404 878 1519 940 pro

43 945 400 1021 nongentis3
452 942 611 1024 quafi
635 941 759 1003 haec
787 945 864 1003 ita
889 938 1175 1010 dixissent,
1215 940 1386 1023 quod
1422 961 1525 1018 per

41 1023 413 1087 definitiones
431 1027 565 1086 artis
584 1025 990 1104 grammaticae
1006 1022 1239 1090 licebat,
1266 1006 1369 1083 nisi
1385 1025 1443 1084 in
1464 1044 1525 1085 a·

42 1105 192 1167 lium
214 1106 424 1168 locum
463 1126 592 1168 eam
608 1104 933 1167 formulam
953 1100 1376 1185 dispensaffent‚
1408 1125 1522 1185 pro

40 1188 208 1250 mille
232 1187 477 1250 sestertia
501 1235 515 1258 ,
538 1190 656 1267 jam
678 1191 827 1247 decies
851 1199 991 1264 puta
1010 1229 1027 1256 ‚
1058 1191 1233 1246 centies
1249 1185 1525 1260 sollertiam

40 1269 265 1340 dixere,
289 1270 408 1334 hoc
428 1270 524 1341 est,
543 1270 669 1332 duo
689 1270 892 1340 millia,
916 1272 1270 1353 quingentas
1286 1273 1523 1351 argenti

39 1351 250 1422 libras,
295 1354 356 1415 in
396 1356 660 1414 nummis
715 1352 977 1414 sestertiis
1020 1352 1216 1414 decies
1257 1355 1521 1415 centenis

37 1433 333 1505 millibus;
358 1455 469 1517 pro
505 1434 668 1496 rnille
691 1448 966 1504 centum,
1002 1439 1256 1505 undecies,
1304 1437 1521 1516 paritet

37 1515 338 1579 intellecb
368 1523 572 1580 centies,
609 1531 720 1598 pro
748 1516 911 1579 mille
936 1519 1208 1580 ducentis
1241 1521 1522 1588 duodecies,

38 1598 258 1661 scilicet
298 1606 473 1660 centies
487 1596 758 1677 fistertitim
787 1600 847 1661 ἃ
880 1598 1122 1682 reliqua.
1209 1597 1276 1661 ln
1301 1601 1520 1679 quibus

36 1698 187 1758 ergo
212 1682 500 1762 posterior
528 1701 652 1744 vox
675 1682 754 1743 est
784 1681 1138 1757 adjectivum
1157 1681 1217 1743 &
1236 1694 1520 1745 neutrum

34 1762 98 1823 &
117 1761 442 1845 fingulare3
487 1785 612 1827 non
632 1776 828 1827 autem
853 1764 1274 1826 substantivum
1292 1766 1416 1841 eius
1441 1765 1520 1828 est

36 1848 217 1907 decies.
254 1847 424 1929 quod
455 1867 654 1910 revera
683 1846 760 1909 est
798 1846 1144 1908 adverbium
1180 1847 1240 1908 Sc
1281 1858 1522 1917 manet,

34 1927 131 1989 sed
163 1942 329 1990 curta
354 1929 415 1990 Sc
438 1931 611 1992 recisa
644 1928 768 1992 haec
810 1928 1103 2012 loquendi
1138 1932 1289 1991 ratio
1327 1929 1403 1993 fic
1439 1930 1520 1992 est

37 2010 419 2088 integranda:
469 2010 709 2074 Pondus
732 2015 962 2092 argenti
1000 2015 1152 2070 decies
1192 2016 1411 2074 centies
1429 2015 1521 2089 Je-

32 2089 246 2163 liem'iim
272 2096 330 2154 in
356 2097 607 2156 nummi.
635 2092 732 2157 Sic
756 2094 919 2156 malo
956 2093 1190 2164 dicere,
1228 2114 1407 2176 quam
1432 2099 1519 2172 se·

31 2175 197 2247 liertia
227 2179 382 2252 pondo
411 2175 688 2257 intelligi.
777 2175 972 2253 ,Quod
997 2197 1120 2239 non
1146 2178 1300 2239 male
1324 2178 1518 2259 potest

34 2257 222 2320 videri
250 2256 511 2328 dietum,
561 2258 657 2321 sed
687 2257 719 2321 a
750 2257 1034 2340 pluribus,
1060 2262 1187 2320 imo
1210 2261 1280 2321 ab
1318 2261 1520 2322 omni·

34 2341 162 2402 bus,
186 2339 338 2402 male
361 2343 684 2421 accipitur,
709 2340 862 2404 hanc
894 2336 1333 2419 cbv'lagmsellertia
1357 2345 1517 2420 pondo

35 2420 197 2566 qssafi
232 2421 503 2501 adjectivi
539 2442 682 2487 cum
723 2423 1084 2489 substantivo
1123 2427 1520 2511 interpretan-

31 2508 81 2569 ti
126 2524 209 2566 us.

106 2584 318 2670 Digna
337 2585 472 2660 sunt
498 2585 656 2654 Rob.
683 2585 918 2737 Cssnalis
947 2590 1142 2660 verba,
1168 2589 1420 2737 quaelhic
1435 2589 1523 2653 al-

45 2714 57 2735 t
823 2690 866 2752 4
1337 2692 1520 2755 egen*
