1726 2902
666 25 931 122 cnum-
977 55 1022 123 1.
1547 75 1583 139 ς

177 198 348 266 Olim
385 215 633 282 quoque
671 196 936 260 Marcam
980 202 1042 260 in
1083 218 1181 275 24.
1219 196 1452 262 Karatia
1491 196 1581 259 di-

97 284 276 346 visam
302 276 494 346 fuiffe‚
520 282 804 361 probatur
836 280 867 342 a
897 279 1013 342 Dn.
1046 279 1386 343 Bouteroue
1408 323 1425 348 ,
1480 292 1581 337 Re-

97 366 281 427 chercb.
317 367 519 441 curicus.
552 369 633 421 des
669 384 917 443 monnoyes
943 368 999 419 de
1033 368 1233 432 france,
1257 383 1394 444 pag.
1440 376 1579 435 1460

96 444 132 509 ὲ
155 447 392 508 duobus
418 447 678 506 nummis
712 449 899 504 aureis
935 445 1219 508 rariffimis
1241 490 1254 514 ,
1294 456 1577 523 regnante

97 525 324 594 Carolo
352 525 477 592 Vll.
511 524 821 610 perennis,
860 545 1121 601 quorum
1148 528 1290 587 alter
1325 528 1402 586 est
1444 543 1580 602 gra-

97 628 322 671 norum
367 629 484 676 192.
521 627 653 688 quae
683 607 1030 687 vigefimam
1073 619 1341 689 quartam
1370 623 1583 667 marcae

94 702 325 772 partem
376 688 735 757 conficiunt,
776 709 914 750 cum
954 688 1060 751 hac
1104 685 1460 770 epigraphe3
1505 699 1586 745 De

89 773 164 853 fin
209 794 262 832 or
302 776 403 839 ficis
445 793 511 831 un
553 776 683 830 droit
724 773 899 835 Karat
916 776 1130 849 pesam:
1178 771 1320 832 alter
1351 769 1429 830 est
1465 787 1584 829 un·

95 856 257 918 cialis
281 855 374 916 seu
420 866 554 930 576.
585 873 949 933 granorum,
996 872 1126 935 quae
1163 854 1294 914 sunt
1316 861 1403 921 ter
1445 867 1580 923 192·

95 957 280 1017 grana
310 984 325 1007 ‚
373 957 515 998 cum
555 936 819 1020 sequenti
866 933 1187 1017 epigraphe
1240 936 1338 998 seu
1378 935 1582 1011 legenda

95 1038 276 1104 quan]
304 1030 552 1081 vocant:

255 1102 384 1158 D’or
394 1102 472 1177 fin
492 1103 617 1177 fitis,
645 1104 833 1159 extrait
856 1102 913 1157 de
948 1110 1153 1168 Ducam,

259 1194 317 1242 Et
335 1188 424 1259 fus
435 1189 548 1261 sant
573 1184 747 1261 pefitnt
770 1188 889 1242 trois
912 1183 1129 1244 Karats‚

176 1263 491 1327 Hodierno
514 1277 710 1327 tamen
735 1276 1023 1346 tempore,
1049 1262 1089 1323 fi
1114 1260 1369 1341 excipias
1405 1263 1578 1341 gemb

95 1367 338 1411 marum
365 1347 858 1429 ponderationes,
917 1346 1209 1407 karatium
1251 1348 1404 1403 inter
1428 1364 1583 1424 pon-

94 1429 233 1492 dera
256 1428 464 1490 locum
484 1449 608 1490 non
649 1428 854 1501 habet,
903 1428 996 1489 sed
1025 1446 1098 1488 eo
1124 1436 1375 1485 utuntur
1401 1423 1585 1487 artifi-

95 1531 190 1574 ces
213 1512 285 1572 ad
327 1512 714 1573 indicandum
749 1510 1003 1588 gradum
1036 1509 1303 1591 puritatis
1328 1508 1387 1566 in
1410 1526 1579 1569 auro.

95 1591 194 1655 Sic
220 1612 411 1655 marca
433 1596 582 1679 lauri,
603 1612 677 1655 ex
703 1612 818 1674 qua
844 1591 1147 1655 cuduntur
1163 1587 1345 1650 hodie
1370 1586 1584 1651 Ludo-

94 1688 247 1753 vicei
276 1687 436 1748 aurei
479 1679 603 1766 36}-
630 1689 900 1749 continet
937 1686 1062 1751 auri
1087 1685 1220 1766 puri
1248 1681 1465 1748 karatia
1496 1685 1583 1746 vi·

95 1768 251 1849 ginti
277 1766 422 1837 (100,
445 1773 525 1828 ita
550 1780 617 1830 ut
641 1769 767 1831 duo
793 1767 1016 1848 reliqua
1043 1765 1278 1836 karatia,
1306 1765 1401 1825 seu
1423 1765 1583 1827 duo-

97 1850 329 1911 decima
354 1847 542 1913 massae
578 1854 784 1930 portio
810 1849 877 1912 fit
913 1868 990 1911 ex
1015 1858 1295 1926 argento,
1321 1847 1409 1907 vel
1447 1867 1581 1918 aere,

96 1932 193 1994 vel
230 1942 510 2012 utroque.
597 1931 712 1995 Sed
738 1943 805 1994 ut
829 1929 1090 1994 calculus
1115 1932 1177 1991 in
1214 1928 1335 1991 hoc
1360 1931 1587 1990 mixtu-

95 2033 173 2081 τε
212 2018 467 2088 negotio
513 2018 840 2086 accuratius
878 2012 1250 2081 instituatur,
1293 2009 1583 2072 dividitur

96 2113 284 2177 porro
325 2093 634 2167 karatium.
680 2094 837 2178 apud
880 2091 1213 2156 Germanos
1246 2091 1479 2162 saltem,
1518 2095 1583 2154 in

103 2181 199 2240 12.
223 2196 436 2258 grana;
479 2175 555 2239 fic
594 2198 785 2240 marca
809 2179 953 2247 auri,
984 2195 1060 2237 ex
1092 2194 1218 2257 quo
1255 2174 1396 2236 cudi
1432 2173 1582 2236 solet

99 2259 348 2328 Aureus,
376 2258 567 2335 vulgo
588 2258 857 2328 Ducatus
873 2257 1196 2339 appellatus
1215 2255 1311 2315 seu
1330 2253 1581 2336 Hunga·

97 2343 272 2412 tiens,
296 2345 566 2401 continet
601 2340 820 2402 karatia
860 2359 954 2412 23.
982 2358 1124 2402 cum
1169 2338 1366 2418 granis
1393 2346 1443 2403 8.
1486 2336 1582 2399 vel

2 2475 8 2483 ,
101 2441 161 2496 9.
181 2422 325 2484 Auri
349 2425 542 2484 marc‘a
560 2469 574 2491 ,
609 2442 684 2483 ex
707 2442 831 2504 quo
854 2421 1003 2483 fiunt
1024 2423 1202 2481 Aurei
1228 2417 1578 2490 Rhenense8‚

101 2510 198 2565 Die
250 2506 525 2579 Rheinische
564 2509 956 2573 Gold-Gulden,
1005 2501 1181 2563 habet
1218 2499 1437 2569 karatia
1486 2508 1575 2567 18.

100 2605 285 2668 grana
311 2596 371 2650 6.
400 2586 440 2648 fi
461 2605 604 2650 vero
633 2606 816 2669 grana
848 2583 1279 2730 6Aadhaerentia
1308 2584 1575 2661 abjiciam»

953 2683 985 2745 Ξ
1462 2675 1582 2740 tur,
