1664 2902
608 63 874 130 Cnur
939 58 1026 131 11:
1476 71 1563 150 71*

138 198 143 204 ’
452 201 680 269 Ensurae
728 204 1150 272 Romanorum
1180 208 1242 273 id
1265 228 1383 293 prae
1424 210 1562 274 reli-'

483 290 616 370 quis
658 290 938 352 omnibus
978 288 1269 371 singulare
1301 293 1558 364 habent,

83 213 434 504 M
482 369 650 453 quod
674 372 897 432 servant
912 371 1393 453 elegantissimam
1408 393 1562 438 con-

484 454 838 522 venientiam
878 473 1003 515 non
1027 467 1259 518 tantum
1287 461 1439 519 inter
1483 455 1557 528 se,

79 533 177 597 sed
209 538 385 599 etiam
408 554 550 598 cum
591 535 736 596 libra
761 536 821 596 ἃ
858 536 1007 616 pede
1038 534 1347 600 Romanis.
1428 535 1560 599 Vil-

76 615 384 698 lalpandus
432 617 714 699 peculiari
745 618 990 677 tractatu
1028 617 1153 680 fuse
1191 618 1313 682 haec
1353 620 1556 700 prose·

77 711 250 761 cutus
269 700 348 762 est
365 739 383 765 ‚
404 699 639 778 adjefiis
661 696 1269 772 demonstrationibus
1291 698 1554 763 Geome-

76 783 253 844 tricis.
296 780 476 843 Tom.
530 780 614 841 lll.
653 780 716 847 P.
759 780 941 852 2,11b,
982 799 1036 857 3.
1073 802 1201 863 cap.
1252 804 1300 843 1.
1347 780 1556 846 Praeci-

74 881 193 945 pua
229 864 636 934 mensurarum
685 874 1135 945 ceterarumque
1174 864 1294 927 fere
1335 884 1553 930 norma

74 946 193 1007 fuit
230 944 570 1028 Amphora,
606 945 746 1010 alias
773 943 1147 1021 Quadrantal
1173 945 1341 1009 dicia.
1428 946 1549 1011 Vas

75 1026 228 1088 olim
266 1039 388 1088 erat
420 1027 700 1095 cubicum
723 1071 737 1096 ‚
771 1029 942 1104 cujus
978 1025 1207 1108 fingula
1233 1028 1410 1091 latera
1448 1048 1554 1105 pe-

72 1108 214 1169 dem
263 1105 611 1170 Romanum
660 1109 985 1187 aequabant.
1088 1109 1260 1191 Aqua
1306 1111 1400 1173 vel
1441 1109 1549 1173 Vi-

71 1208 221 1250 num
259 1195 436 1267 (quae
464 1187 748 1258 ἱσοςοέᾳιωὲ
778 1191 1072 1259 veteribus
1114 1192 1549 1267 credebantur)

69 1291 136 1332 ea
159 1282 515 1334 contentum
548 1272 838 1351 pendebat
857 1273 1068 1356 pondo
1094 1270 1352 1340 Roman.
1381 1274 1549 1338 osto-

71 1356 257 1433 ginta.
328 1351 427 1415 De
463 1354 856 1422 subdivisione
890 1357 1015 1431 ejus
1048 1355 1109 1415 <Sc
1138 1357 1402 1433 pondere
1439 1377 1548 1426 ex(-

71 1436 176 1496 stat
205 1436 363 1514 apud
394 1434 626 1498 Festum
660 1446 826 1497 vetus
868 1437 1240 1516 plebiscitum
1283 1477 1302 1506 ,
1366 1439 1542 1522 quod

69 1517 404 1580 correclum
437 1522 513 1580 ita
540 1518 925 1580 exhibemus:
974 1530 1048 1576 Ex
1067 1524 1351 1592 ponderibus
1379 1525 1543 1598 publi.

67 1604 133 1657 cis
166 1602 335 1676 quibus
368 1601 455 1659 hac
482 1601 753 1676 tempestate
770 1605 968 1681 populus
1005 1607 1156 1661 ob'tt'er
1170 1607 1312 1678 filet(
1383 1605 1543 1685 Qua-

68 1686 272 1741 drama!
325 1687 429 1742 vini
484 1689 722 1762 ossoginta
773 1688 929 1758 pondo
957 1683 1068 1756 fiet.
1179 1691 1384 1762 Congius
1435 1691 1543 1746 vini

64 1768 223 1822 decem
260 1773 416 1840 pondo
456 1767 587 1836 fleu
643 1779 736 1826 Sex
758 1768 982 1830 Sextart'zf
1019 1772 1225 1844 Congius
1251 1770 1375 1836 fient
1411 1774 1540 1831 vini.

63 1851 596 1926 Duodequinquaginta
640 1851 860 1917 Sextarii
903 1848 1240 1922 Qadrantal
1266 1852 1399 1926 stent
1459 1857 1542 1911 νὶ-

63 1934 137 1992 ηἰ.
224 1937 480 1989 sextarius
544 1950 699 2008 aequus
753 1932 879 1989 ltbrae
919 1951 1024 1997 cum
1065 1934 1179 2008 beſje
1228 1933 1335 2000 fiet.
1421 1946 1537 1994 Sex·

65 2015 307 2088 deamque
351 2018 563 2079 sextarii
602 2018 654 2070 in
698 2015 900 2070 ·Modio
928 2014 1074 2089 fient.
1168 2011 1262 2076 Ex
1295 2015 1384 2077 his
1418 2017 1541 2095 igi-

60 2103 160 2153 tur
204 2094 263 2153 &
302 2096 678 2174 inscriptione
719 2092 946 2172 Congii
986 2094 1310 2157 Farnefiani
1345 2100 1539 2160 mani-

60 2173 201 2238 feste
235 2188 419 2256 patet,
450 2195 589 2244 cum
613 2175 1223 2252 Quadrantaldicitur
1246 2177 1534 2242 librarum

64 2266 157 2323 80.
203 2256 476 2331 Congius
508 2257 638 2322 libr.
681 2279 773 2320 10.
815 2257 1114 2327 Sextarius
1155 2260 1314 2322 librae
1349 2264 1530 2323 unius

59 2358 198 2399 cum
221 2337 369 2400 besse
390 2387 403 2409 ,
436 2340 531 2401 seu
557 2342 866 2412 unciarum
887 2359 966 2401 20
1014 2340 1074 2401 id
1101 2340 1175 2412 de
1193 2341 1536 2419 ponderali·

56 2420 166 2481 bus
196 2432 324 2482 tum
351 2421 509 2483 libris
527 2434 654 2481 tum
681 2422 871 2483 unciis
909 2419 1018 2483 esse
1044 2423 1537 2502 intelligendum.

56 2521 183 2563 non
210 2503 282 2564 de
316 2502 739 2565 mensuralibus
784 2544 801 2570 ,
831 2506 892 2564 in
919 2523 1045 2586 quo
1079 2503 1213 2566 luto
1242 2505 1541 2578 haeserunt

57 2580 742 2667 G.Agricola,eumque
766 2583 995 2728 secffitus
1024 2583 1268 2654 Hostus·
1416 2666 1496 2731 H·
1662 2656 1664 2675 ὲ

929 2687 971 2746 4
1481 2687 1531 2731 1⁵
1585 2739 1588 2742 .
1660 2742 1664 2753 .
