1664 2902
630 57 894 123 CAruT
939 56 1023 126 11.
1467 84 1582 145 ¹07

103 205 373 288 quinque
402 197 584 262 millia
612 197 831 276 pedum
852 245 865 269 ,
903 199 1066 260 mille
1091 197 1275 279 passus
1303 204 1587 285 interpre-

102 299 282 349 tatur.
367 283 551 343 Mitto
585 279 749 342 alios,

186 365 472 433 Milliare‚
512 361 898 425 Minimum,
950 363 1125 425 Mille
1153 364 1374 446 pallus,
1419 368 1582 432 idem

100 447 259 532 apud
283 446 592 509 Romanos
617 457 754 505 erat·
828 444 1031 525 Cippis
1054 448 1420 526 &lapidibus
1438 471 1580 515 cum

100 548 495 594 numerorum
538 526 921 603 inscriptione
974 529 1123 590 olim
1169 530 1587 609 {ignabantur,

99 613 437 675 institutore
459 608 528 673 C.
549 606 846 677 Graccho,
870 612 956 670 uti
984 611 1220 672 testatur
1236 610 1586 680 Plutarchus

99 697 164 757 in
186 686 312 768 esus
339 696 489 755 vita:
535 690 694 752 unde
733 694 906 752 etiam
950 691 1172 773 lapides
1215 714 1324 772 pro
1372 698 1586 760 millia-

102 779 264 838 ribus
299 775 665 838 dicebantur.
757 771 989 852 Viginti
1018 775 1287 838 milliaria
1329 775 1583 844 Diaetam

100 857 199 921 seu
232 860 342 920 iter
372 857 490 918 diei
513 853 817 917 nonnullis
841 856 1083 928 faciunt,
1115 858 1239 921 aliis
1261 881 1359 934 25.
1391 861 1586 927 Hero-1

79 940 260 1020 ‘doto
289 939 463 1001 stadia
497 956 634 1000 200.
1607 960 1610 962 ’

186 1021 458 1083 Stadium
499 1018 571 1082 ad
606 1017 910 1081 Mensuras
953 1018 1303 1092 Graecorum
1345 1028 1587 1105 proprie

102 1106 398 1185 pertinet,
441 1122 515 1163 eo
561 1113 758 1163 tamen
802 1101 1059 1163 Romani
1102 1104 1258 1165 haud
1296 1127 1426 1168 raro
1455 1119 1587 1170 ute--

104 1187 339 1255 bantur.
446 1183 791 1247 Secundum
829 1183 1086 1246 Plinium
1112 1186 1149 1250 l.
1198 1207 1257 1262 2.
1303 1209 1353 1261 c.
1389 1210 1483 1264 23.
1525 1193 1588 1253 &

106 1266 418 1334 Columell
460 1266 498 1327 l.
521 1287 573 1330 c.
599 1263 777 1328 efficit
813 1279 1052 1329 centum
1078 1269 1136 1329 (ic
1166 1273 1376 1349 viginti
1414 1275 1589 1353 quin-

109 1369 227 1432 que
254 1346 438 1430 paffus
464 1350 642 1413 Rom.
681 1348 799 1410 hoc
838 1349 934 1419 est,
961 1349 1133 1428 pedes
1171 1354 1473 1416 sexcentos
1501 1360 1590 1417 vi-

157 1434 264 1493 inti
313 1436 600 1515 quinque·
715 1428 875 1493 O&o
921 1435 1106 1510 igitur
1154 1434 1349 1507 Stadia
1394 1457 1588 1512 unum

105 1452 365 1577 {liniare
389 1513 787 1595 complebant.
949 1518 954 1523 ”

191 1593 263 1658 Et
301 1596 425 1658 haec
461 1596 544 1658 de
580 1593 870 1656 Mensuris
914 1593 1335 1666 Romanorum
1386 1620 1589 1678 porre-

110 1678 230 1741 fiis.
316 1676 582 1758 Superest
603 1688 669 1737 ut
691 1676 918 1758 aliquid
957 1698 1203 1762 quoque
1229 1682 1495 1744 dicamus
1516 1685 1592 1746 de

109 1759 522 1843 superficiebus
560 1759 656 1821 seu
685 1759 968 1822 mensuris
1015 1762 1086 1824 ad
1126 1783 1249 1832 rem
1288 1760 1589 1837 Rusticam

108 1843 550 1922 pertinentibus.

150 1952 160 1962 ·
195 1925 370 1996 Atius
402 1926 620 1994 dicitur
644 1923 836 1985 Plinio
873 1927 910 1986 l.
958 1934 1046 1992 18.
1086 1945 1135 1988 c.
1167 1946 1217 2000 3.
1244 1932 1294 1988 in
1328 1949 1421 2005 quo
1455 1931 1594 1990 boves

114 2027 371 2088 agerentur
393 2029 498 2066 cum
539 2026 712 2066 aratro
741 2016 918 2084 impetu
933 2006 1068 2081 justo.
1159 2015 1249 2068 Hic
1283 2031 1392 2070 erat
1432 2016 1592 2074 CXX,

105 2097 313 2171 pedum:
360 2095 725 2167 duplicatusque
756 2095 805 2157 in
840 2095 1183 2168 longitudinem
1219 2105 1456 2170 Jugerum
1495 2099 1595 2171 sa·

113 2178 287 2235 ciebat.
375 2172 549 2234 Actus
588 2171 811 2251 duplex
865 2185 1021 2234 erat:
1063 2172 1303 2255 simplex
1345 2177 1404 2236 &
1449 2198 1594 2257 qua-

115 2258 331 2319 dratus
403 2253 671 2334 Simplex
705 2254 1028 2316 secundum
1055 2251 1424 2327 Varronem,
1462 2260 1594 2324 lati·

113 2339 335 2400 tudinis
380 2338 599 2417 pedum
635 2348 929 2417 quatuor,
969 2338 1368 2416 longitudinis
1421 2341 1597 2419 pedes

114 2420 364 2482 habebat
408 2439 535 2479 120.
578 2419 850 2498 adeoque
887 2419 1063 2501 pedes
1097 2421 1418 2501 quadratos
1452 2434 1596 2497 480.

116 2502 286 2582 quod
315 2505 525 2582 repetit
551 2503 725 2563 etiam
761 2500 1100 2563 Columella
1129 2504 1168 2567 l.
1199 2523 1248 2564 c.
1318 2511 1451 2562 Ac‘lus
1472 2527 1592 2582 qua.

114 2590 323 2656 etratus,
367 2585 503 2646 teste
538 2586 757 2646 iterum
786 2581 1145 2656 Columella,
1173 2587 1385 2664 undique
1419 2588 1595 2659 finitur

1397 2674 1595 2761 pcdibqg
