1664 2902
123 111 237 182 138
621 98 898 165 Saeuo
954 99 1058 166 lv.

118 241 323 310 decem
349 249 798 318 permutaretur.
884 241 958 302 At
988 261 1129 303 vero
1151 240 1443 322 sciendum
1471 242 1570 312 est,

119 320 435 385 Romanos
456 335 599 382 tunc
632 324 911 398 temporis
944 342 1050 384 aere
1076 321 1313 402 quidem
1346 321 1418 388 fic
1442 324 1569 385 satis

117 400 461 468 abundasse.
491 406 1066 482 nonitemargento,
1108 402 1272 482 quod
1307 422 1427 464 non
1459 406 1569 465 mi-

114 503 227 550 nus
253 503 319 547 ac
341 483 527 565 ipsum
549 501 757 559 aurum
784 529 797 551 ,
821 502 1191 563 gemmarum
1223 483 1364 548 loco
1396 482 1571 546 habe-

113 566 301 629 batur.
400 564 650 630 Minime
684 567 880 643 itaque
917 566 1112 628 mirari
1153 565 1433 625 debemus
1460 568 1570 626 im·

115 656 290 710 'mane
305 648 532 727 argenti
553 648 805 724 pretium
825 644 1110 724 i'upraaes·‚
1134 663 1270 708 cum
1308 644 1457 710 istud
1493 643 1569 707 ad

115 726 285 792 usum
322 728 582 805 pecuniae
622 724 743 789 flasi
771 728 966 806 primo
993 728 1213 805 coepit:
1258 725 1495 808 septima
1513 747 1572 787 e-

115 811 240 872 nim
280 809 469 869 unciae
507 808 737 882 argenti
780 809 980 884 portio
1017 804 1100 867 <fi
1126 804 1367 885 quidem
1406 803 1438 867 ὲ
1471 806 1573 867 tali

159 887 378 950 ondere
398 887 667 952 denarius
690 888 948 967 primum
975 884 1186 962 fuerit)
1207 885 1409 953 decem
1445 890 1572 948 aeris

143 969 275 1029 ibris
290 970 626 1048 aequabatur
649 1014 663 1036 ,
686 968 743 1027 id
764 967 840 1030 est
856 1007 871 1034 ‚
908 986 1022 1027 una
1043 970 1271 1044 argenti
1290 986 1416 1046 pars
1437 976 1572 1044 840.

114 1049 373 1132 partibus
393 1052 535 1114 aeris,
588 1046 757 1117 Unde
782 1067 961 1114 nemo
988 1087 1003 1109 .
1024 1046 1124 1107 nisi
1144 1047 1311 1132 plane
1331 1050 1570 1122 iniquus

115 1129 320 1197 censor
344 1175 358 1197 ,
385 1149 598 1208 negare
641 1131 858 1205 poterit
882 1173 895 1197 ‚
931 1131 1190 1208 pec'uniae
1225 1128 1571 1200 huiusmodi

113 1211 554 1277 aestimationem
589 1229 663 1275 ex
686 1230 795 1271 aere
836 1229 959 1274 non
1001 1220 1248 1285 argento
1277 1207 1386 1271 effe
1418 1211 1571 1270 insti·

117 1291 399 1357 tuendam
448 1309 466 1363 3
512 1293 889 1370 maximeque
918 1289 1014 1352 hic
1053 1289 1241 1351 valere
1283 1289 1454 1351 debet
1497 1291 1570 1352 de

114 1371 329 1519 goden]
346 1382 626 1452 argento,
644 1373 810 1461 quod,
832 1370 1121 1438 Ausonius
1146 1371 1219 1438 de
1255 1389 1400 1437 auro
1432 1371 1573 1452 prae·

160 1455 308 1520 icat:

240 1601 389 1661 Auro
434 1618 634 1678 magnus
676 1600 820 1661 bonos
857 1638 876 1673 ,
922 1605 1032 1663 auri
1066 1604 1284 1682 pretium
1324 1618 1486 1663 tamen
1510 1599 1572 1674 cll

537 1703 612 1744 45.

114 1816 263 1882 Sane
279 1837 400 1881 non
435 1815 810 1898 possuntnon
836 1817 1113 1885 ridendos
1147 1818 1198 1885 se
1219 1817 1401 1880 sistere
1426 1867 1439 1888 ,
1464 1820 1569 1899 qui

112 1903 277 1966 aliter
301 1900 372 1965 de
395 1899 501 1967 hac
533 1920 591 1960 re
635 1900 905 1963 statuunt.
993 1898 1318 1962 Denarium
1354 1901 1569 1961 scilicet

114 1983 515 2045 communiter
539 1993 882 2058 comparant
908 1999 1047 2045 ,cum
1074 1978 1283 2058 Regali
1312 1978 1572 2061 Hispani·

114 2083 191 2126 co
212 2100 229 2129 ,
255 2062 344 2120 seu
365 2061 526 2137 ‚julio
555 2061 756 2122 italico
781 2103 798 2128 ‚
834 2061 1102 2142 adeoque
1131 2062 1419 2122 decimam
1447 2065 1570 2136 eius

114 2141 483 2223 partem‚scil.
507 2140 677 2202 assem
706 2141 968 2202 libralem
987 2161 1126 2204 cum
1152 2140 1423 2215 Bajocco.
1456 2141 1574 2203 Βο-

115 2243 259 2286 nuni
281 2222 455 2284 iaclfi!
477 2225 828 2305 aequiparare
848 2220 1018 2284 assem
1035 2221 1295 2290 libralem
1316 2234 1570 2284 veterem

115 2302 374 2369 nuffiulo
394 2305 636 2365 novello
653 2302 914 2376 ejusdem
934 2300 1279 2384 me'talli.qui
1298 2306 1397 2363 vix
1414 2305 1573 2365 deci-

115 2404 273 2449 mam
294 2388 514 2450 iextam
533 2385 765 2445 alterius
782 2396 1003 2462 partem
1030 2388 1088 2445 in
1105 2386 1365 2466 pondere
1381 2384 1569 2447 habet:

117 2463 274 2546 quasi
310 2485 447 2526 vero
472 2465 599 2551 post
629 2477 719 2525 tot
759 2464 1070 2529 exhaustos
1111 2475 1373 2552 montes,
1400 2470 1571 2527 toties

113 2549 294 2610 rarius
322 2544 501 2607 hodie
524 2566 596 2606 aes
625 2544 931 2616 existeret,
973 2565 1150 2628 quam
1181 2545 1328 2607 olim
1369 2550 1571 2625 primis
1620 2616 1629 2626 ¹

112 2625 241 2714 post
267 2623 522 2691 Romam
555 2626 866 2690 conditam
894 2626 1093 2692 seculis
1124 2626 1333 2691 fuerat·
1398 2625 1570 2689 Certe

1467 2711 1574 2790 qui
