1664 2902
595 9 703 88 fit(
748 28 859 74 211
908 9 1020 86 >³52

70 154 399 224 subaudies,
422 151 598 216 facies
629 152 1014 233 copulatione
1040 146 1370 210 substantivi
1405 163 1549 210 cum

69 239 396 315 adjectivo,
439 236 722 310 posterius
753 236 861 296 alia
902 229 1117 312 ellipfi,
1158 229 1348 312 qualis
1379 231 1550 294 estin

71 318 185 382 illis
208 321 458 380 triumviri
480 338 580 387 aere,
606 323 763 375 decem
799 321 895 375 viri
926 318 1110 385 latibus,
1135 314 1195 375 in
1221 312 1550 376 duodecim

70 403 299 474 tabuliS,
328 404 504 478 regina
532 405 745 478 quinque
767 419 921 476 paenae.

417 539 527 613 De
557 538 844 612 sestertio
876 539 1199 635 pondere.

173 661 373 741 Estertia
410 661 504 724 vel
526 661 751 739 Μινύα
783 667 997 742 pondera
1033 663 1296 743 argenti,
1355 663 1553 747 qualia

219 765 368 809 voce
419 744 628 828 sestertia
677 744 798 807 sola
849 744 1033 824 posita
1100 745 1554 825 intelliguntur,

69 825 238 891 fuiffe
269 827 434 890 mille
471 827 792 889 nummum
829 827 1147 890 sestertium
1175 871 1191 897 ,
1236 829 1296 889 &
1330 834 1556 896 denaria.

76 915 293 988 pondera
314 909 482 972 mille
519 910 824 971 denarium
852 910 1174 971 nummum
1203 909 1276 973 fic
1303 914 1558 993 colliges

73 992 322 1057 Denarii
354 993 610 1061 nummi,
644 992 844 1073 quales
868 992 1291 1072 descripsimus,
1322 994 1419 1055 etsi
1441 1015 1557 1075 pro

71 1079 261 1157 copiis
289 1073 625 1156 reipublicae
666 1075 724 1134 &
752 1092 862 1145 pro
910 1076 1254 1137 innocentia
1286 1086 1390 1136 aut
1427 1096 1559 1139 ava-

70 1162 204 1220 ritia
224 1159 681 1219 triumvirorum
716 1156 777 1218 &
811 1151 1255 1219 officinatorum
1298 1171 1561 1223 monetae

71 1243 133 1304 in
172 1239 440 1324 pondere
476 1243 763 1300 variatum
800 1238 1079 1300 nonnihil
1122 1239 1307 1302 videri
1336 1238 1559 1322 poffet,

71 1341 224 1385 mox
257 1334 453 1383 tamen
478 1321 793 1403 postquam
828 1319 949 1382 flari
976 1332 1214 1401 coeptus
1242 1321 1320 1383 est
1345 1344 1560 1403 argen-

67 1416 202 1466 -teus
232 1423 515 1465 nummus
557 1405 619 1465 in
649 1423 722 1465 eo
759 1402 1184 1474 constiterunt,
1219 1419 1287 1466 ut
1312 1417 1561 1473 centum

74 1499 423 1567 putarentur
462 1489 523 1547 in
547 1486 779 1566 argenti
808 1484 955 1547 libra
991 1483 1301 1553 Romana„
1347 1509 1562 1569 quem-

72 1567 409 1631 admodum
447 1579 689 1631 centum
706 1565 1002 1631 drachmae
1034 1571 1096 1631 in
1133 1571 1294 1631 mina
1338 1574 1558 1640 Attica.

74 1647 278 1713 Livius
317 1647 386 1716 L.
430 1669 679 1731 22.cap.
727 1667 819 1724 23.
859 1663 1073 1721 narrat,
1117 1651 1193 1713 de
1214 1665 1563 1733 permutan-

75 1732 166 1795 dis
222 1733 466 1813 captivis
519 1728 858 1795 convenisse
914 1735 1066 1795 inter
1111 1733 1291 1796 duces
1334 1734 1566 1804 Roma-2

74 1834 226 1877 num
254 1812 637 1897 Poenumque
656 1855 672 1878 .
698 1826 765 1875 ut
789 1834 922 1897 quae
959 1836 1088 1897 pars
1116 1816 1312 1896 plures
1336 1823 1566 1902 recipe-

74 1908 167 1960 ret
196 1917 377 1980 quam
417 1896 599 1967 daret,
640 1903 1000 1974 argentipondo
1021 1902 1135 1957 bina
1165 1900 1229 1962 (9-
1269 1904 1466 1975 selibras
1497 1907 1561 1967 in

74 1979 332 2042 militem
377 1980 682 2059 praestaret.
794 1978 913 2041 Has
950 1979 1299 2045 Plutarchus
1337 1989 1396 2046 in
1441 1988 1565 2050 vita

77 2059 339 2123 Maximi
376 2059 609 2137 ἓραχμεὲς
642 2064 910 2125 wermonon
946 2065 1028 2122 na.)
1063 2064 1324 2128 ἓιεικσσῖοις
1363 2070 1560 2132 Vertit.

71 2139 254 2206 Libra
288 2146 474 2223 igitur
499 2148 730 2224 argenti
755 2165 919 2228 aequa
946 2147 1288 2209 censebatur
1313 2163 1562 2212 centum

68 2224 393 2287 drachmis.
482 2223 800 2289 Drachmis
853 2229 1280 2308 respondebant
1322 2234 1566 2294 nummi

77 2306 336 2378 denarii,
389 2308 679 2389 quicquid
738 2311 978 2372 tandem
1035 2311 1214 2372 fuerit
1270 2315 1564 2378 subtiliter

72 2391 385 2467 >exigendo
440 2392 722 2464 pondere·
794 2390 954 2456 Hinc
988 2396 1174 2474 igitur
1207 2396 1350 2458 ficut
1392 2408 1571 2459 num-

75 2491 217 2534 mus
245 2472 516 2534 denarius
549 2484 861 2554 argenteus
904 2480 965 2537 in
1003 2496 1115 2538 aere
1154 2478 1310 2540 valet
1355 2480 1572 2543 decem·

78 2550 221 2622 affes
242 2557 302 2620 vi
334 2558 598 2633 nominis
615 2602 633 2632 ,
671 2565 755 2626 ita
776 2559 1017 2642 pondus
1051 2559 1362 2629 denarium
1389 2567 1450 2626 in
1473 2580 1569 2624 ar-

784 2667 786 2670 *
863 2640 926 2706 O
969 2662 1010 2709 z
1371 2655 1563 2727 gento
