1664 2902
97 75 179 155 '42
310 71 587 137 Sne-tro
626 73 733 138 D!
775 73 821 138 I.
863 72 1373 141 Peneum-uu.

96 213 322 275 minam
366 214 611 277 Atticam
650 214 710 274 δε
735 210 1005 297 Grajam:
1049 214 1122 279 de-
1149 217 1337 300 priori
1367 218 1548 290 enim,

98 312 225 356 non
244 295 350 356 alia
373 295 571 378 sermo·
588 293 686 358 est.

180 429 373 506 Quod
406 430 447 495 fi
481 451 628 512 ergo
666 432 933 497 denarius
965 432 1299 498 Consularis
1341 436 1549 503 statua-2

94 534 194 589 tur
238 545 405 605 gran·
454 523 624 589 Paris.
667 520 807 606 743.
863 538 1205 611 competent
1257 529 1551 594 drachmae

92 618 300 689 Atticae
331 638 493 699 gran¹
523 613 652 700 83}
738 620 973 681 atvero
1004 639 1128 681 non
1152 619 1268 682 fine
1296 621 1551 685 admira·

90 703 256 763 tione
281 701 528 762 totidem
553 700 779 779 praecise
798 720 975 779 grana
1004 720 1114 782 pro
1151 701 1426 764 drachma
1459 704 1549 765 in-

90 786 268 844 venio
324 784 382 842 in
430 781 628 843 statere
678 780 773 842 seu
821 799 1074 842 nummo
1112 782 1572 851 tetra-drachmo'

87 863 290 925 Attico
338 861 730 942 antiquissimo
786 879 953 942 aeque
1008 881 1075 924 ac
1122 866 1549 941 integerrimo,

89 963 270 1027 quem
301 942 577 1023 poffideo.
607 946 667 1005 in
698 961 821 1023 quo
850 962 921 1003 ne
957 943 1274 1004 minimum
1301 946 1547 1025 quidem

89 1027 502 1089 intertrimenti
542 1025 852 1104 vestigium
903 1022 1337 1104 deprehendere
1380 1025 1545 1094 licet.

87 1103 348 1168 Nodluas
374 1105 701 1185 appellant,
734 1104 902 1187 quod
939 1105 1010 1166 ab
1043 1122 1160 1165 una
1197 1117 1356 1185 parte
1391 1106 1544 1169 alitis
1627 1158 1657 1175 ,,

87 1186 265 1264 hujus
293 1186 479 1265 figura
511 1187 692 1249 exstat
727 1205 865 1248 cum
892 1204 1058 1246 ramo
1082 1186 1254 1246 olivae
1276 1186 1335 1247 Sc
1361 1186 1545 1250 literis

87 1282 239 1337 ΑΘΕ,
294 1271 364 1330 ab
387 1267 560 1330 altera
597 1287 738 1328 vero
777 1278 952 1346 eaput
989 1265 1285 1347 galeatum
1321 1266 1545 1331 Miner·

87 1368 171 1410 vae
193 1392 210 1416 ‚
255 1369 382 1432 quae
408 1349 684 1426 Γλαυκὸψ
718 1345 988 1413 Homero
1014 1344 1264 1417 dicitur,
1305 1368 1428 1411 non
1463 1352 1545 1413 ob

85 1429 279 1493 caefios
304 1442 533 1492 tantum
557 1431 649 1493 sed
689 1449 941 1506 magnos
969 1427 1266 1510 tetrosque
1296 1429 1507 1496 oculos
1526 1476 1543 1499 ‚

85 1512 254 1592 quod
276 1514 334 1573 in
368 1512 567 1573 nostro
594 1514 853 1574 maxime
875 1509 1175 1572 observare
1213 1511 1542 1583 jucundum

83 1591 242 1655 est*:
270 1593 427 1654 unde
454 1593 511 1652 &
541 1592 676 1653 alibi
702 1592 903 1652 eadem
940 1589 1209 1653 Minerva
1231 1589 1321 1653 ιίιεὶ
1342 1593 1541 1664 nepam

80 1669 251 1747 ὣριμι),
280 1674 337 1736 id
368 1673 657 1750 est2ftmper
677 1679 864 1735 intuens
883 1691 1039 1739 tom,
1072 1684 1339 1735 vocatur.
1393 1671 1544 1736 Pen-

79 1757 182 1818 det
197 1755 292 1819 hic
317 1774 599 1816 nummus
632 1774 809 1835 grana
841 1751 1000 1815 Paris.
1028 1770 1158 1825 333.
1183 1756 1351 1829 cujus
1370 1772 1543 1837 quar·

76 1860 137 1911 ta
159 1869 287 1930 pars
330 1841 460 1926 835·
548 1844 840 1911 Permulta
877 1842 1120 1923 quidem
1154 1842 1261 1904 alia
1302 1841 1544 1911 Graec'iae

75 1930 427 1991 numismata
468 1927 752 2004 appendi,
802 1943 932 2006 quae
974 1924 1206 2006 aliquot
1248 1929 1442 2003 granis
1480 1947 1541 1992 e-

75 2021 206 2072 rant
240 2010 492 2073 leviora,
517 2008 611 2071 sed
654 2006 946 2071 manifesta
988 2024 1235 2089 quoque
1283 2006 1541 2070 defedlus

72 2092 292 2156 indicia
319 2090 585 2158 aderant,
613 2088 823 2151 detrita
858 2089 1139 2150 nimirum
1158 2126 1176 2154 ‚
1217 2088 1538 2166 perforata.

72 2172 265 2236 derasa
299 2174 666 2251 apparebant.
736 2167 1053 2232 Alexandri
1073 2166 1281 2247 Magni
1305 2170 1540 2233 nummi

71 2253 436 2316 drachmales
459 2253 576 2317 fere
604 2251 943 2330 superabant
966 2255 1064 2318 80.
1096 2267 1291 2328 grana.
1376 2248 1538 2325 Ejus-

72 2335 211 2396 dem
251 2332 674 2395 tetradrachma
690 2341 853 2397 erant
876 2348 1040 2407 gran.
1073 2346 1207 2406 322.
1242 2338 1535 2407 3¹80314·

68 2413 321 2477 Noeruae
356 2414 453 2475 seu
487 2415 674 2476 Attica
711 2410 1137 2477 tetradr'achma
1167 2429 1334 2492 gran.
1388 2419 1530 2481 318.

74 2514 106 2579 3
127 2516 211 2566 ¹5·
245 2514 379 2569 314⁴
410 2513 543 2570 309.
605 2492 850 2562 Stateres
887 2494 1044 2554 aurei
1069 2491 1163 2552 seu
1190 2490 1535 2560 didrachma

69 2574 243 2649 Alex,
275 2574 356 2634 M.
385 2596 474 2654 gr.
510 2582 639 2652 158.
695 2575 785 2650 Ex
824 2572 916 2637 his
949 2582 1149 2640 autem
1176 2570 1368 2638 solum
1401 2593 1534 2652 gra..

131 2668 164 2735 ξ
189 2663 295 2731 vid.
321 2669 403 2745 fig
441 2672 475 2720 1.
1341 2656 1533 2722 viores
